4140 6280
302 328 448 395 1001

960 328 1400 394 ENARRATIO
1447 330 1525 392 IN
1574 327 2072 392 EVANGELIUM
2126 322 2367 389 LUCIE.
2418 362 2489 370 —-
2537 326 2700 388 CAP.
2750 321 2971 384 XVIII.

3519 306 3670 371 100?

291 462 386 515 καὶ
436 458 677 539 ἀλλαχοῦ
720 456 821 538 ἔφη
858 475 871 488 ·
922 459 1007 522 Τίς
1038 458 1088 524 ἐξ
1116 461 1263 535 ὑμῶν
1297 458 1446 540 φίλον
1478 457 1647 539 ἔχων,
1695 463 1813 516 εἶτα
1854 462 1945 518 ἐλ-

2042 459 2178 521 Nam
2212 466 2453 540 prepter
2499 457 2923 539 impudentiam
2974 454 3122 533 ejus.
3172 450 3220 509 si
3268 466 3382 540 non
3434 458 3677 529 propter

287 544 451 605 θόντα
511 551 599 605 καὶ
640 548 893 629 κρού)ντα
952 550 1135 613 νυκτὸς
1224 548 1645 628 ἀποπέμψεται;
1697 552 1794 607 Διὰ
1852 553 1949 630 γὰρ

333 639 345 656 ι
462 638 475 657 ν
561 635 600 657 σα
797 639 808 655 ο
885 647 906 656 ν
1036 639 1049 657 9
1171 639 1180 651 ι
1257 636 1320 661 κν
1409 635 1481 661 ’ἢκ
1566 636 1589 653 υ
1744 640 1756 657 ν
1840 639 1872 662 ιν

288 662 390 704 την
454 656 713 694 αναιοειαν
758 660 935 710 αυτου,
1010 659 1052 693 ει
1120 660 1198 714 μη
1254 652 1300 692 οι
1373 654 1516 696 ουοεν
1560 636 1690 693 αλλο
1734 662 1943 706 ανοιςει.

299 727 397 783 Καὶ
453 725 613 783 πάλιν
646 744 659 758 ⁸
716 751 739 782 u
790 727 878 789 Τίς
933 725 985 791 ἐξ
1014 727 1185 799 ὑμῶν,
1234 727 1291 781 ὃν
1332 726 1423 781 εὰν
1468 729 1494 783 6
1536 728 1645 788 υἱὸς
1676 727 1832 784 αὑτοῦ
1863 730 1947 783 αἶ-

295 816 441 890 τήσῃ
488 813 670 894 ἄρτον,
722 838 749 869 ιι
798 816 885 871 καὶ
928 816 993 870 τὰ
1032 814 1174 881 ἑξῆς.
1226 816 1323 870 Διὰ
1366 816 1565 871 τούτων
1612 816 1710 892 γᾶρ
1739 817 1948 872 πάντων

290 903 396 971 τὴν
455 902 686 978 ἔμμονον
736 903 947 983 σχολήν
976 905 1031 958 ἐν
1078 917 1199 965 ταῖς
1244 916 1574 981 προσευχαῖς
1604 905 1741 977 ἡμῖν
1765 905 1946 960 ὑποτί-

292 996 465 1055 θεται,
524 994 913 1072 Ἐπειράθησαν
945 991 999 1047 δέ
1040 1014 1177 1054 τινες
1236 995 1630 1071 περιεργότερον
1684 997 1783 1059 την
1838 1016 1946 1049 πα-

292 1079 525 1161 ραϐολὴν
582 1084 778 1150 ταύτην
838 1080 1172 1153 ἐκλαϐέσθαι,
1258 1083 1347 1137 καὶ
1403 1081 1649 1137 ἀπειάσαι
1709 1082 1947 1157 ἐτόλμη-

292 1193 396 1227 σαν
450 1177 518 1247 τῇ
574 1171 812 1245 ἀληθείᾳ.
875 1174 1025 1250 Χήρα
1071 1172 1190 1246 μὲν,
1226 1171 1446 1248 ἔφασαν,
1483 1170 1591 1227 ἐστὶ
1622 1177 1763 1227 πᾶσα
1796 1174 1950 1252 ψυχὴ

292 1261 391 1316 τὸν
453 1260 611 1338 ἄνδρα
668 1260 1007 1319 ἀποϐαλοῦσα
1033 1265 1220 1333 αὐτῆς,
1257 1261 1314 1315 ὃν
1360 1264 1484 1339 εἶχε
1538 1260 1809 1340 πρότερον,
1861 1264 1951 1317 τὸν

301 1345 550 1404 διάϐολον
609 1352 769 1430 φημί,
828 1351 916 1405 καὶ
965 1348 1050 1406 διὰ
1094 1351 1247 1405 τοῦτο
1281 1347 1539 1405 ἀντίδικον
1572 1351 1726 1406 αὐτὸν
1758 1349 1954 1429 ἔχουσα

299 1436 383 1492 ἀεὶ
442 1438 800 1509 ἐπιτιθέμενον
858 1441 991 1514 αὖτῇ
1028 1454 1041 1467 ·
1104 1441 1139 1505 ἡ
1196 1436 1251 1495 δὲ
1310 1436 1663 1516 προσέρχεται
1717 1446 1795 1513 τῷ
1839 1446 1953 1511 Θεῷ

295 1532 459 1601 κριτῇ
510 1532 609 1593 τῆς
676 1524 901 1607 ἀδικίας,
960 1525 1223 1605 τουτέστι,
1288 1533 1365 1600 τῷ
1424 1527 1783 1605 κατακρίνοντι
1853 1528 1950 1593 τὴν

295 1612 528 1688 ἀδικίαν,
586 1617 643 1679 ὃς
687 1617 802 1673 οὔτε
847 1619 974 1673 Θεὸν
1007 1612 1272 1695 φοϐεῖται.
1311 1615 1476 1677 Αὖτὸς
1533 1616 1633 1693 γὰρ
1668 1617 1796 1679 Θεὸς
1846 1616 1950 1685 μό-

295 1726 415 1781 νος,
474 1706 562 1761 καὶ
643 1705 739 1763 οὑκ
780 1704 900 1784 ἔχει
959 1706 1015 1760 ὃν
1060 1700 1416 1783 φοϐηθήσεται
1447 1702 1647 1777 ἕτερον’
1685 1702 1803 1758 ἀλλ’
1835 1702 1950 1760 οὔτε

301 1790 578 1871 ἄνθρωπον
622 1794 954 1874 αἰσχύνεται,
1001 1794 1130 1856 Θεὸς
1188 1793 1287 1869 γὰρ
1345 1793 1628 1869 πρόσωπον
1683 1792 1951 1871 ἀνθρώπου

2032 538 2489 629 alium—aperiet.
2520 538 2822 609 Etiterum
2857 567 2869 607 :
2902 569 2927 599 κ
2957 542 3099 613 Quis
3122 560 3189 601 ex
3214 538 3398 603 vobis.
3426 559 3459 599 a
3481 560 3595 621 quo
3621 543 3668 601 si

2034 637 2187 699 ﬁlius
2219 638 2348 716 ejus
2384 655 2593 719 panem
2630 642 2811 715 petat,
2843 641 2958 693 etc.
2999 657 3024 686 »
3062 629 3285 701 Quibus
3321 630 3569 691 sollicita
3602 650 3669 691 ac

2034 736 2319 805 perpetua
2352 726 2539 787 oratio
2566 722 2991 806 praescribitur.
3017 721 3092 782 At
3120 720 3665 800 tentaruntquidam
3714 737 3724 748 ·

2034 815 2371 893 parabolam
2418 817 2566 876 hanc
2618 812 2911 874 curiosius
2951 827 3280 890 exponere,
3330 822 3383 870 et
3439 811 3668 871 veritati

2032 921 2376 983 comparare
2426 912 2555 964 sunt
2606 902 2731 963 ausi
2787 903 2891 980 (a).
2945 899 3191 962 Viduam
3254 899 3409 960 enim
3466 901 3669 962 dicunt

2033 1010 2269 1053 onmem
2294 993 2551 1054 animam
2579 991 2929 1065 esse,virum
2951 999 3143 1050 autem
3170 988 3471 1050 dimisisse
3495 1010 3668 1071 quem

2036 1082 2195 1156 prius
2229 1082 2453 1153 habuit,
2499 1080 2795 1141 diabolum
2824 1100 2837 1141 :
2872 1088 2928 1139 et
2957 1087 3201 1158 propter
3227 1079 3340 1138 hoc
3365 1078 3531 1140 illum
3565 1085 3670 1140 ha-

2035 1171 2137 1229 bet
2165 1169 2568 1231 adversarium
2590 1185 2828 1247 semper
2848 1169 3221 1228 resistentem
3247 1166 3383 1230 sibi.
3413 1166 3543 1248 Ipsa
3565 1188 3673 1228 au-

2036 1267 2150 1317 tem
2185 1259 2412 1319 accedit
2442 1267 2513 1320 ad
2541 1261 2728 1320 Deum
2755 1256 3019 1336 judicem
3055 1256 3383 1337 injustitim,
3416 1259 3527 1317 hoc
3560 1268 3672 1329 est,

2035 1346 2532 1409 condemnantem
2560 1346 3044 1425 injustitiam,qui
3068 1364 3258 1426 neque
3274 1345 3461 1407 Deum
3484 1347 3672 1407 timet.

2036 1435 2164 1516 Ipse
2186 1436 2343 1496 enim
2370 1436 2525 1497 Deus
2550 1437 2839 1497 solusnon
2866 1434 3229 1515 habetquem
3250 1435 3451 1497 timeat
3469 1436 3675 1507 alium,

2037 1525 2137 1586 sed
2157 1544 2347 1606 neque
2360 1525 2658 1586 hominem
2683 1523 3173 1605 reveretur;Deus
3188 1524 3345 1585 enim
3365 1544 3677 1605 personam

2037 1613 2293 1674 hominis
2326 1633 2443 1675 non
2474 1613 2788 1694 recipit89.
2814 1613 2963 1674 Huic
2989 1612 3201 1693 viduae,
3226 1633 3357 1692 qua:
3386 1614 3525 1675 dum
3552 1624 3679 1675 orat

2036 1703 2335 1763 continuis
2358 1702 2637 1783 precibus
2665 1710 2903 1782 propter
2923 1702 3325 1763 adversarium
3351 1722 3520 1764 suum
3547 1705 3676 1764 dia-

2040 1792 2260 1872 bolum,
2300 1793 2617 1853 miseretur
2644 1795 2824 1864 Deus,
2863 1799 2920 1852 et
2959 1792 3222 1871 placatur
3253 1802 3494 1872 propter
3521 1794 3675 1854 assi-

298 1885 364 1940 οὖ
416 1879 697 1956 λαμϐάνει,
761 1884 968 1950 Ταύτην
1026 1882 1125 1948 τὴν
1184 1882 1361 1961 χήραν
1437 1882 1619 1960 ψυχὴν
1700 1879 1954 1955 δεομένην

2042 1879 2324 1942 duitatem
2360 1881 2508 1960 ejus.
2544 1882 2708 1954 Haec,
2732 1879 2831 1961 qui
2862 1880 3037 1953 volet,
3075 1889 3131 1941 et
3162 1880 3252 1941 cui
3289 1881 3540 1961 placent,
3577 1904 3679 1944 su-

297 1980 399 2028 τοῦ
453 1978 584 2028 Θεοῦ
627 1978 865 2050 συνεχῶς
910 1970 993 2027 διὰ
1035 1973 1125 2026 τὸν
1172 1968 1428 2025 ἀντίδικον
1481 1970 1644 2037 αὐτῆς
1689 1968 1952 2049 διάϐολον,

305 2060 550 2135 οἰκτείρει
594 2062 622 2116 6
668 2062 801 2123 Πεὶς
845 2058 1373 2125 καταδυσωπησάσης
1434 2058 1587 2114 αὑτὸν
1630 2064 1727 2125 της
1784 2081 1949 2128 προσ-

303 2146 508 2226 εδρείας
563 2150 779 2215 ταύτης.
829 2157 1002 2206 Ταῦτα
1034 2148 1131 2218 μέν
1175 2147 1262 2203 οὖν
1322 2145 1428 2221 ὅτῳ
1471 2146 1643 2227 φίλον,
1690 2147 1947 2227 δεχέσθω.

302 2240 572 2315 Παρετέθη
628 2239 751 2317 γὰρ,
813 2237 906 2293 ἵνα
963 2238 1040 2312 μὴ
1101 2238 1422 2314 ἂγνοῶνται.
1482 2235 1631 2303 Πλὴν
1672 2244 1836 2292 ταῦτα
1867 2236 1940 2292 δι-

301 2322 461 2391 δάξας
518 2330 661 2402 ἡμᾶς
718 2330 744 2383 6
804 2329 996 2405 Κύριος
1040 2326 1156 2404 περὶ
1223 2332 1315 2381 τοῦ
1371 2322 1483 2381 δεῖν
1536 2326 1947 2404 προσεύχεσθαι,

310 2416 400 2471 καὶ
458 2414 750 2493 ὑποδείξας,
824 2415 904 2471 ὅτι
964 2416 1008 2470 εἰ
1079 2414 1227 2475 οὗτος
1286 2418 1313 2469 6
1370 2412 1589 2493 ἄνομος,
1647 2418 1735 2470 καὶ
1782 2438 1958 2481 παστ,ς

309 2504 501 2569 καγίας
575 2503 993 2582 πεπληρωμένος
1082 2501 1301 2579 ᾤκτειρε
1382 2508 1449 2580 τῇ
1533 2504 1777 2583 συνεχείᾳ
1861 2506 1958 2569 τῆς

272 2592 570 2673 δεήσεως,
602 2594 753 2669 πόσῳ
811 2592 1015 2669 μᾶλλον
1060 2595 1087 2648 6
1145 2594 1273 2654 Θεὸς
1332 2592 1359 2647 6
1406 2593 1611 2669 πάσηςξ
1629 2591 1958 2659 δικαιοσύνης

310 2683 560 2761 ἀρχηγὸς
620 2687 680 2741 οὔ
736 2684 978 2752 ποιήσειε
1038 2682 1135 2748 τὴν
1193 2679 1459 2748 ἐκδίκησιν
1488 2684 1546 2736 ἐν
1574 2683 1759 2761 τάχει,
1789 2683 1960 2738 καίτοι

305 2774 683 2849 μακροθυμῶν,
738 2774 825 2828 καὶ
875 2770 1191 2850 φαινόμενος
1268 2770 1617 2837 ἀνηκουστεῖν
1676 2777 1783 2827 τῶν
1835 2770 1956 2826 δεο-

308 2859 487 2935 μένων
544 2864 700 2919 αύτοῦ
745 2860 931 2923 νυκτὸς
989 2859 1076 2914 καὶ
1121 2857 1321 2938 ἡμέρας
1356 2875 1372 2933 ;
1405 2866 1579 2916 Ταῦτα
1610 2858 1696 2915 οὗν
1726 2857 1951 2924 διδάξας.

306 2949 397 3004 καὶ
449 2945 616 3013 δείξας
681 2951 841 3027 ἡμῖν,
915 2946 995 3003 ὅτι
1053 2946 1106 3002 ἐν
1165 2954 1242 3022 τῷ
1288 2953 1455 3024 καιρῷ
1512 2949 1612 3014 τῆς
1666 2946 1957 3010 συντελείας

304 3042 377 3112 τῇ
437 3038 716 3116 προσευχῆ
773 3036 1040 3115 χρηστέον
1109 3037 1239 3112 πρὸς
1311 3036 1432 3099 τοὺς
1505 3034 1794 3110 μέλλοντας
1840 3040 1959 3092 τότε

305 3124 572 3188 κινδύνους
622 3124 1047 3204 ἐπιγενήσεσθαι,
1123 3122 1377 3203 ἐπιφέρει,
1439 3123 1545 3204 ὅτι,
1607 3115 1664 3182 Ὀ
1713 3126 1828 3189 Υἱὸς
1871 3133 1960 3181 τοῦ

2038 1970 2273 2048 scipiat.
2310 1969 2617 2050 Proposita
2643 1970 2800 2031 enim
2833 1977 2970 2029 sunt
3002 1988 3076 2029 ne
3108 1969 3470 2047 ignorentur.
3505 1975 3678 2052 Atqui

2043 2060 2319 2119 Dominus
2350 2060 2472 2120 haec
2510 2076 2616 2120 nos
2655 2058 2882 2131 docuit,
2936 2058 3089 2135 quod
3142 2069 3407 2137 oporteat
3446 2080 3683 2141 semper

2035 2166 2205 2209 orare
2243 2168 2256 2209 :
2291 2156 2348 2208 et
2382 2165 2486 2228 per
2518 2147 2859 2226 exemplum
2906 2147 3205 2228 indicavit,
3238 2150 3392 2229 quod
3447 2152 3681 2213 etiamsi

2033 2236 2143 2299 iste
2164 2236 2402 2314 iniquus
2426 2247 2480 2297 et
2509 2236 2668 2296 omni
2693 2235 2910 2297 malitia
2934 2236 3167 2316 plenus,
3194 2239 3579 2301 misereretur
3603 2251 3681 2303 ta-

2042 2344 2176 2386 men
2198 2325 2271 2386 ob
2288 2326 2602 2388 continuas
2626 2334 3077 2405 preces,quanto
3102 2328 3289 2404 magis
3312 2327 3470 2389 Deus
3489 2332 3682 2391 omnis

2036 2414 2281 2494 justitiae
2310 2414 2426 2476 dux
2456 2433 2574 2475 non
2608 2414 2780 2475 faciet
2828 2413 2996 2476 brevi
3028 2414 3372 2491 vindictam,
3419 2422 3683 2498 quamvis

2042 2503 2365 2576 differat,et
2388 2503 2654 2564 videatur
2672 2522 2789 2563 non
2808 2503 3014 2564 audire
3032 2507 3376 2567 orantesdie
3396 2526 3462 2568 ac
3486 2512 3685 2573 nocte?

2044 2592 2246 2672 Itaque
2278 2592 2382 2673 qui
2410 2592 2609 2653 docuit
2641 2599 2697 2651 et
2720 2594 3066 2653 monstravit
3090 2592 3264 2654 nobIs
3283 2597 3438 2674 quod
3464 2599 3684 2660 intem-

2046 2699 2188 2760 pore
2211 2681 2739 2742 consummationis
2752 2682 2952 2742 saeculi
2975 2702 3123 2763 opus
3145 2684 3219 2743 sit
3240 2685 3599 2749 oratione.ut
3625 2689 3681 2748 in

2044 2770 2254 2829 futuris
2278 2769 2558 2851 periculis
2581 2770 2798 2831 durare
2824 2772 3380 2847 valeamus,subdit:
3408 2773 3682 2856 Nunquid

2042 2856 2224 2919 Filius
2241 2858 2499 2919 hominis
2522 2876 2655 2917 cum
2678 2860 2933 2939 venerit,
2963 2860 3224 2923 inveniet
3246 2862 3422 2923 ﬁdem
3451 2867 3505 2925 in
3532 2875 3684 2926 terra

2038 2947 2147 3007 90?
2195 2947 2319 3019 Qua
2365 2948 2838 3024 interrogationis
2889 2948 3075 3026 ﬁgura
3126 2968 3292 3010 raros
3340 2952 3489 3015 dicit
3543 2964 3683 3015 tunc

2042 3036 2433 3097 inveniendos
2450 3035 2750 3096 ﬁdeles.In
2777 3044 2999 3098 tantum
3014 3040 3170 3099 enim
3189 3039 3507 3103 invalescet
3530 3043 3685 3104 ﬁlius

2045 3123 2390 3204 iniquitatis,
2416 3124 2699 3198 utetiam,
2745 3125 2794 3185 si
2842 3125 3122 3205 possibile
3165 3134 3344 3205 esset,
3371 3132 3686 3194 seduceret

312 3213 591 3293 ἀνθρώπου
648 3215 748 3293 ἆρα
830 3212 992 3269 ἐλθὼν
1071 3214 1279 3293 εὑρήσει
1338 3212 1437 3279 τὴν
1498 3214 1672 3269 πίστιν
1727 3213 1811 3269 ἐπὶ
1866 3219 1955 3280 τῆς

2044 3214 2287 3276 electos.
2315 3216 2383 3275 In
2405 3213 2554 3274 raris
2576 3212 2734 3273 enim
2754 3213 2903 3274 solet
2926 3214 3263 3294 hujusmodi
3283 3219 3682 3300 interrogandi

312 3306 465 3379 γῆς;
530 3303 583 3359 ἐν
643 3304 888 3382 σχήματι
950 3301 1259 3381 ἐρωτήσεως
1314 3302 1376 3356 τὸ
1432 3301 1656 3358 σπάνιον
1707 3308 1812 3357 τῶν
1842 3302 1962 3357 τότε

315 3392 743 3471 εὑρεθησομένων
801 3397 1002 3447 πιστῶν
1064 3390 1461 3465 ὑποσημαίνων.
1524 3400 1781 3449 Τοσοῦτον
1865 3391 1963 3469 γὰρ

311 3482 709 3558 κατακρατήσει
768 3480 887 3536 τότε
946 3482 973 3535 6
1026 3480 1135 3542 υἱὸς
1188 3478 1287 3546 τῆς
1342 3479 1584 3554 ἀνομίας,
1631 3478 1765 3535 ὥστε
1823 3477 1958 3535 πλα·

310 3575 406 3641 νᾷν
464 3571 552 3626 καὶ
627 3570 747 3633 τοὺς
815 3568 1082 3647 ἐλεκτοὺς,
1163 3568 1207 3622 εἰ
1264 3566 1503 3624 δυνατόν.
1558 3566 1726 3624 Εῗωθε
1783 3566 1837 3623 δὲ
1880 3567 1966 3623 ἐπὶ

319 3665 407 3714 τοῦ
464 3659 695 3722 σπανίως
758 3656 1150 3736 εὑρισκομένου,
1215 3661 1291 3730 τῷ
1354 3655 1743 3735 ἐρωτηματικῴ
1783 3654 1963 3735 τρόπῳ

311 3750 569 3828 χρᾶσθαι,
627 3749 698 3810 ὡς
757 3748 845 3802 καὶ
906 3745 991 3801 ἐπὶ
1041 3744 1134 3802 τοῦ
1167 3760 1181 3776 ⁶
1244 3744 1333 3806 Τίς
1390 3741 1489 3822 ἄρα
1546 3747 1686 3801 ἐστιν
1718 3747 1745 3801 6
1775 3747 1961 3809 πιστὸς

315 3836 528 3917 δόῦλος,
586 3838 675 3893 καὶ
720 3836 970 3917 φρόνιμος
1007 3850 1024 3909 ;
1073 3834 1171 3891 Καὶ
1198 3833 1415 3891 ἐνταῦθα
1444 3835 1533 3891 οὖν
1581 3836 1643 3890 τὸ
1674 3835 1800 3890 αὐτὸ
1828 3836 1961 3890 ὑπο-

312 3924 516 3997 δηλῶν,
574 3928 663 3981 καὶ
693 3924 774 3980 ὅτι
806 3924 1060 4003 βραχεῖς,
1106 3924 1191 3979 καὶ
1221 3921 1489 3995 ὀλιγόστοι
1540 3921 1746 3978 ἔσονται
1779 3925 1825 3979 οἱ
1865 3923 1966 3990 τὴν

310 4014 445 4092 πρός
501 4034 559 4069 τε
589 4016 680 4070 τὸν
713 4014 866 4087 Θεὸν,
912 4011 999 4067 καὶ
1056 4011 1186 4082 πρὸς
1216 4008 1480 4080 ἀλλήλους
1537 4011 1711 4066 πίστιν
1765 4009 1963 4091 φυλάτ-

310 4124 516 4183 τοντες,
564 4109 633 4179 τῇ
677 4103 933 4181 ἐρωτήσει
963 4100 1129 4175 ταύτῃ
1160 4098 1453 4179 ἐχρήσατο.
1513 4100 1745 4163 Εἰκότως
1792 4099 1846 4154 δὲ
1901 4106 1967 4175 τῇ

315 4193 435 4269 περὶ
489 4202 583 4251 τοῦ
637 4192 1026 4272 προσεύχεσθαι
1088 4187 1391 4267 παραινέσει
1441 4189 1533 4244 τὸν
1582 4190 1699 4265 περὶ
1746 4193 1845 4255 τῆς
1876 4190 1966 4245 πί-

313 4301 480 4344 στεως
540 4280 699 4359 λόγον
754 4279 1109 4352 ἐπισυνῆψεν.
1170 4273 1388 4343 Ἐπειδὴ
1433 4277 1533 4354 γὰρ
1592 4276 1769 4340 πάσης
1796 4298 1964 4355 προσ-

316 4370 487 4449 ευχῆς
517 4371 729 4449 βάθρον,
787 4369 875 4425 καὶ
934 4366 1127 4444 κρηπὶς
1184 4366 1423 4443 ὴνπίστις
1459 4383 1475 4401 ⁸
1511 4366 1663 4441 εἰμὴ
1723 4366 1821 4444 γὰρ
1879 4388 1967 4421 πι-

316 4460 521 4516 στεύσει
583 4461 611 4515 6
640 4456 938 4537 ἄνθρωπος,
974 4455 1053 4510 ὃτι
1084 4454 1112 4509 ὃ
1142 4452 1232 4509 ἐὰν
1288 4454 1505 4529 αἰτήσῃ,
1550 4452 1780 4529 λήψεται
1838 4455 1968 4532 πρὸς

318 4551 383 4605 τὸ
439 4547 702 4628 συμφέρον

316 4646 474 4697 τοῦτο
531 4642 558 4695 6
619 4639 804 4717 Κύριος
874 4638 991 4714 περὶ
1068 4640 1161 4691 τοῦ
1230 4633 1616 4712 προσεύχεσθαι
1686 4631 1968 4711 διδάσκων,

318 4730 407 4786 καὶ
462 4730 561 4795 τῆς
616 4728 844 4790 πίστεως
926 4726 1261 4801 ἐπεμνήσθη,
1339 4720 1515 4788 δηλῶν
1570 4722 1969 4801 κεκρυμμένως,

2046 3302 2230 3381 ﬁgura
2260 3302 2368 3381 uti,
2402 3301 2553 3362 sicut
2578 3309 2635 3361 et
2665 3321 2796 3362 cum
2831 3302 2970 3363 dicit
3007 3324 3019 3365 :
3056 3303 3196 3376 Quis
3219 3316 3388 3385 putas
3411 3309 3605 3371 ﬁdelis
3629 3323 3687 3373 et

2046 3390 2308 3471 prudens
2338 3408 2541 3451 servus
2562 3389 2592 3449 ‘?
2623 3390 2816 3470 Atque
2844 3392 2955 3453 hoc
2978 3392 3109 3453 loco
3134 3394 3290 3457 idem
3319 3396 3684 3475 signiﬁcans,

2044 3480 2199 3560 quod
2232 3478 2404 3559 pauci
2440 3498 2687 3541 numero
2718 3481 2858 3541 455
2890 3493 3065 3542 erunt
3095 3484 3194 3563 qui
3233 3503 3369 3563 erga
3408 3486 3595 3549 Deum
3632 3499 3691 3550 et

2047 3569 2202 3630 inter
2222 3587 2284 3629 se
2308 3568 2482 3629 ﬁdem
2527 3567 2868 3643 servabunt,
2905 3570 3015 3631 hac
3055 3573 3515 3652 interrogatione
3549 3596 3689 3639 usus

2045 3665 2151 3718 est.
2182 3657 2388 3719 Merito
2423 3666 2618 3717 autem
2651 3658 2912 3719 sermoni
2946 3659 3021 3722 de
3051 3662 3314 3723 oratione
3348 3682 3686 3727 sermonem

2047 3745 2122 3807 de
2152 3746 2270 3808 ﬁde
2290 3747 2628 3827 connexuit,
2653 3748 2929 3827 quoniam
2952 3751 3143 3810 omnis
3161 3753 3444 3814 orationis
3473 3753 3690 3816 funda-

2050 3843 2311 3897 mentum
2345 3854 2411 3897 ac
2442 3834 2601 3897 basis
2639 3845 2725 3895 est
2776 3837 2947 3898 ﬁdes.
2994 3837 3115 3898 Nisi
3166 3842 3320 3900 enim
3368 3842 3691 3905 crediderit

2050 3923 2253 4003 homo,
2281 3923 2439 4003 quod
2459 3923 2569 3984 hoc
2589 3924 2743 4004 quod
2772 3925 2916 4004 petit
2944 3934 3297 4006 accepturus
3322 3928 3395 3989 sit
3428 3931 3484 3990 in
3519 3948 3686 3992 suam

2050 4009 2386 4084 utilitatem,
2410 4029 2554 4071 vana
2573 4018 2663 4071 est
2693 4014 2880 4074 oratio
2900 4032 3074 4093 quam
3099 4014 3256 4076 facit.
3282 4015 3348 4076 Et
3381 4028 3692 4099 propterea

2055 4100 2339 4163 Dominus
2370 4099 2444 4160 de
2466 4100 2732 4161 oratione
2760 4102 3003 4177 docens,
3039 4104 3213 4164 etiam
3233 4104 3373 4166 ﬁdei
3395 4108 3688 4183 meminit,

2050 4188 2361 4248 declarans
2416 4186 2679 4268 interim,
2736 4208 3055 4269 paucorum
3108 4193 3234 4253 fore
3285 4202 3424 4255 tunc
3468 4215 3686 4259 orare:

2050 4275 2533 4357 quandoquidem
2582 4276 2729 4337 ﬁdes
2769 4278 2830 4338 in
2876 4279 3078 4358 paucis
3123 4280 3476 4347 invenietur.
3512 4284 3694 4362 Igitur

2054 4384 2185 4427 cum
2200 4364 2796 4425 veneritDominusin
2822 4366 3691 4440 nubibus,noninvenietﬁdem

2055 4471 2235 4534 super
2277 4462 2521 4533 terram,
2562 4453 2673 4515 nisi
2708 4457 2767 4514 in
2800 4456 3019 4534 paucis.
3066 4455 3263 4518 Faciet
3305 4467 3502 4521 autem
3541 4462 3692 4524 hanc

713 4524 747 4628 ,’
790 4524 985 4623 ματαία
1044 4545 1080 4612 ἡ
1135 4543 1438 4623 προσευχὴ,
1472 4541 1540 4609 ἢν
1568 4555 1805 4599 ποιεῖται
1842 4560 1857 4577 ο
1891 4539 1955 4598 διε

2060 4524 2198 4603 tunc
2226 4564 2239 4602 :
2272 4541 2437 4601 inviti
2469 4524 2663 4602 autem
2693 4524 2901 4604 omnes
2921 4544 3364 4609 conﬁtebuntur
3389 4549 3542 4628 qucd
3576 4552 3693 4612 Do-

2059 4630 2256 4693 minus
2286 4632 2461 4690 Jesus
2493 4629 2759 4692 Christus
2794 4631 2853 4692 in
2885 4632 3072 4711 gloria
3104 4643 3191 4695 est
3237 4634 3343 4697 Dei
3375 4637 3563 4699 Patris
3595 4658 3608 4698 :
3646 4642 3695 4700 si

2058 4718 2299 4800 quidem
2324 4718 2450 4780 haec
2472 4718 2621 4780 ﬁdes
2636 4720 2895 4781 vocanda
2917 4731 3026 4802 est,
3053 4727 3115 4785 et
3134 4742 3249 4783 non
3271 4726 3462 4804 potius
3485 4745 3696 4789 neces-

322 4817 405 4874 ὅτι
460 4816 655 4894 ὀλίγων
711 4816 868 4872 ’ἐσται
922 4816 1010 4871 καὶ
1069 4815 1126 4869 τὸ
1176 4812 1560 4891 προσεύχεσθαι
1612 4812 1757 4888 τότε,
1793 4809 1955 4868 ἐπειδὶ

2060 4808 2223 4871 sitas.
2258 4807 2468 4870 Nullus
2504 4806 2661 4869 enim
2695 4809 2806 4868 erit
2844 4809 3174 4872 inﬁdelium
3214 4813 3313 4892 qui
3354 4833 3471 4874 non
3495 4816 3700 4878 credet

318 4908 407 4963 καὶ
439 4908 473 4975 ἡ
520 4905 697 4967 πίστις
731 4904 784 4960 ἐν
815 4902 1016 4981 ὀλίγοις
1078 4901 1436 4980 εὑρεθήσεται.
1486 4898 1685 4956 Ἐλθὼν
1738 4900 1834 4976 μὲν
1889 4904 1955 4957 οὒ·

2060 4897 2215 4978 quod
2237 4896 2396 4958 solus
2414 4896 3021 4979 sitSalvatoris,quem
3045 4910 3221 4963 antea
3236 4903 3694 4983 blasphemarat.

320 4998 350 5051 ὁ
388 4994 573 5073 κύριος
602 4993 657 5049 ἐν
688 4990 954 5073 νεφέλαις,
1001 4990 1095 5046 οὒκ
1124 4989 1329 5067 εὑρήσει
1361 4989 1457 5055 τὴν
1505 4989 1682 5045 πίστιν
1743 4989 1827 5046 ἐπὶ
1882 4991 1977 5056 τῆς
2030 4994 2154 5059 γῆς,
2210 4988 2252 5042 εί
2295 4987 2371 5061 μὴ
2404 4983 2501 5064 ἄρα
2533 4987 2586 5041 ἐν
2619 4986 2841 5065 ὀλίγοις,
2874 4991 3091 5059 ποιήσει
3120 4988 3173 5045 δέ
3198 4992 3396 5057 ταύτην
3424 4992 3562 5067 τότε,
3612 5000 3698 5051 καὶ

322 5082 541 5147 ἄκοντες
576 5084 677 5161 γὰρ
706 5082 900 5146 πάντες
932 5077 1378 5156 ὁμολογήσουσιν,
1416 5076 1495 5132 ὅτι
1543 5078 1732 5156 Κύριος
1763 5076 1966 5145 Ἰησοῦς
1997 5080 2067 5143 εἰς
2094 5075 2242 5141 δόξαν
2276 5082 2407 5132 Θεοῦ
2438 5076 2664 5152 Πατρὸς,
2700 5079 2786 5133 καὶ
2830 5078 2882 5133 εἴ
2912 5100 2971 5156 γε
3002 5079 3111 5157 χρὴ
3148 5089 3307 5137 ταῦτα
3338 5082 3535 5153 πίστιν,
3564 5082 3699 5139 ἀλλὰ

324 5172 404 5248 μὴ
442 5172 681 5251 ἀνάγκην
739 5172 933 5240 εἰπεῖν,
994 5165 1161 5229 οὐδεὶς
1208 5172 1313 5222 τῶν
1365 5166 1600 5222 ἀπίστων
1656 5166 1828 5248 ἔσται,
1891 5169 1948 5230 ὃς
2020 5171 2079 5225 οὔ
2122 5164 2412 5244 πιστεύσει,
2464 5162 2542 5220 ὅτι
2586 5166 2746 5239 μόνος
2798 5169 2824 5221 6
2886 5168 3073 5243 Σωτὴρ
3119 5170 3145 5222 6
3190 5165 3312 5245 παρ’
3372 5170 3527 5226 αὖτοῦ
3582 5176 3700 5251 πρὶν

322 5261 805 5341 βλασφημούμενος
818 5309 832 5323 ,

402 5419 470 5470 89
498 5418 687 5483 Galat.
722 5435 790 5494 ιι,
824 5420 882 5480 6.
968 5415 1034 5467 90
1064 5415 1209 5481 Luc.
1252 5430 1416 5491 xvm,
1441 5415 1502 5479 8.

1811 5215 1828 5248 ι

407 5580 495 5664 (a)
536 5578 695 5645 Edit.
726 5578 860 5643 Lut.
894 5596 1016 5642 non
1047 5574 1246 5653 habet,
1277 5578 1333 5639 et
1360 5574 1617 5639 veritati
1646 5590 1999 5655 comparare
2022 5582 2159 5641 umt
2186 5579 2349 5641 ausi.

658 5750 923 5816 ΡΑτιοι..
965 5749 1080 5815 Gn.
1125 5744 1397 5811 CXXIII.

3281 5746 3387 5813 32.
