  <div class='ocr_page' id='page_1' title='image "/cluster/home/n/w/nwhite01/storage/ocr_20150623/123/mdp.39015009359079/509.png"; bbox 0 0 4126 6282; ppageno 0'>
   <div class='ocr_carea' id='block_1_1' title="bbox 519 338 669 403">
    <p class='ocr_par' dir='ltr' id='par_1_1' title="bbox 519 338 669 403">
     <span class='ocr_line' id='line_1_1' title="bbox 519 338 669 403; baseline 0 -3"><span class='ocrx_word' id='word_1_1' title='bbox 519 340 538 400; x_wconf 83' lang='grc'>1</span> <span class='ocrx_word' id='word_1_2' title='bbox 551 338 669 403; x_wconf 89' lang='lat'>003</span> 
     </span>
    </p>
   </div>
   <div class='ocr_carea' id='block_1_2' title="bbox 513 559 2169 643">
    <p class='ocr_par' dir='ltr' id='par_1_2' title="bbox 513 559 2169 643">
     <span class='ocr_line' id='line_1_2' title="bbox 513 559 2169 643; baseline -0.004 -19"><span class='ocrx_word' id='word_1_3' title='bbox 513 583 577 624; x_wconf 89' lang='lat' dir='ltr'>se</span> <span class='ocrx_word' id='word_1_4' title='bbox 601 563 985 625; x_wconf 83' lang='lat' dir='ltr'>conﬁdebant</span> <span class='ocrx_word' id='word_1_5' title='bbox 1007 564 1162 643; x_wconf 84' lang='lat' dir='ltr'>quod</span> <span class='ocrx_word' id='word_1_6' title='bbox 1184 561 1571 641; x_wconf 87' lang='lat' dir='ltr'>essentjusti,</span> <span class='ocrx_word' id='word_1_7' title='bbox 1600 571 1657 621; x_wconf 87' lang='lat' dir='ltr'>et</span> <span class='ocrx_word' id='word_1_8' title='bbox 1694 559 2169 641; x_wconf 82' lang='lat' dir='ltr'>aspernabantur</span> 
     </span>
    </p>
   </div>
   <div class='ocr_carea' id='block_1_3' title="bbox 510 647 2166 732">
    <p class='ocr_par' dir='ltr' id='par_1_3' title="bbox 510 647 2166 732">
     <span class='ocr_line' id='line_1_3' title="bbox 510 647 2166 732; baseline -0.003 -20"><span class='ocrx_word' id='word_1_9' title='bbox 510 662 777 725; x_wconf 85' lang='lat' dir='ltr'>caeteros,</span> <span class='ocrx_word' id='word_1_10' title='bbox 813 651 1153 732; x_wconf 88' lang='lat' dir='ltr'>parabolam</span> <span class='ocrx_word' id='word_1_11' title='bbox 1180 652 1351 712; x_wconf 89' lang='lat' dir='ltr'>istam</span> <span class='ocrx_word' id='word_1_12' title='bbox 1384 673 1396 712; x_wconf 87' lang='lat'><strong>:</strong></span> <span class='ocrx_word' id='word_1_13' title='bbox 1434 653 1561 712; x_wconf 92' lang='lat' dir='ltr'>Duo</span> <span class='ocrx_word' id='word_1_14' title='bbox 1578 648 1854 711; x_wconf 90' lang='lat' dir='ltr'>homines</span> <span class='ocrx_word' id='word_1_15' title='bbox 1876 647 2166 709; x_wconf 89' lang='lat' dir='ltr'>ascende-</span> 
     </span>
    </p>
   </div>
   <div class='ocr_carea' id='block_1_4' title="bbox 512 736 2160 820">
    <p class='ocr_par' dir='ltr' id='par_1_4' title="bbox 512 736 2160 820">
     <span class='ocr_line' id='line_1_4' title="bbox 512 736 2160 820; baseline -0.003 -19"><span class='ocrx_word' id='word_1_16' title='bbox 512 742 650 801; x_wconf 90' lang='lat' dir='ltr'>bant</span> <span class='ocrx_word' id='word_1_17' title='bbox 675 741 733 801; x_wconf 91' lang='lat' dir='ltr'>in</span> <span class='ocrx_word' id='word_1_18' title='bbox 770 742 1054 820; x_wconf 87' lang='lat' dir='ltr'>templum</span> <span class='ocrx_word' id='word_1_19' title='bbox 1082 756 1144 800; x_wconf 87' lang='lat' dir='ltr'>ut</span> <span class='ocrx_word' id='word_1_20' title='bbox 1171 748 1594 820; x_wconf 80' lang='lat' dir='ltr'>precarentur;</span> <span class='ocrx_word' id='word_1_21' title='bbox 1632 757 1782 798; x_wconf 90' lang='lat' dir='ltr'>unus</span> <span class='ocrx_word' id='word_1_22' title='bbox 1808 736 2160 810; x_wconf 75' lang='lat' dir='ltr'>l’harisaus,</span> 
     </span>
    </p>
   </div>
   <div class='ocr_carea' id='block_1_5' title="bbox 513 826 2164 909">
    <p class='ocr_par' dir='ltr' id='par_1_5' title="bbox 513 826 2164 909">
     <span class='ocr_line' id='line_1_5' title="bbox 513 826 2164 909; baseline -0.004 -19"><span class='ocrx_word' id='word_1_23' title='bbox 513 839 569 891; x_wconf 91' lang='lat' dir='ltr'>et</span> <span class='ocrx_word' id='word_1_24' title='bbox 600 832 749 890; x_wconf 91' lang='lat' dir='ltr'>alter</span> <span class='ocrx_word' id='word_1_25' title='bbox 782 831 1155 909; x_wconf 78' lang='lat' dir='ltr'>publicanus.</span> <span class='ocrx_word' id='word_1_26' title='bbox 1193 830 1524 890; x_wconf 82' lang='lat' dir='ltr'>Pharisaus</span> <span class='ocrx_word' id='word_1_27' title='bbox 1556 832 1719 889; x_wconf 86' lang='lat' dir='ltr'>stans</span> <span class='ocrx_word' id='word_1_28' title='bbox 1764 827 1887 887; x_wconf 81' lang='lat' dir='ltr'>hac</span> <span class='ocrx_word' id='word_1_29' title='bbox 1914 826 2067 906; x_wconf 91' lang='lat' dir='ltr'>apud</span> <span class='ocrx_word' id='word_1_30' title='bbox 2101 843 2164 885; x_wconf 92' lang='lat' dir='ltr'>se</span> 
     </span>
    </p>
   </div>
   <div class='ocr_carea' id='block_1_6' title="bbox 513 914 2166 997">
    <p class='ocr_par' dir='ltr' id='par_1_6' title="bbox 513 914 2166 997">
     <span class='ocr_line' id='line_1_6' title="bbox 513 914 2166 997; baseline -0.004 -19"><span class='ocrx_word' id='word_1_31' title='bbox 513 919 751 980; x_wconf 89' lang='lat' dir='ltr'>orabat:</span> <span class='ocrx_word' id='word_1_32' title='bbox 786 919 961 997; x_wconf 83' lang='lat' dir='ltr'>Deus,</span> <span class='ocrx_word' id='word_1_33' title='bbox 990 920 1202 996; x_wconf 83' lang='lat' dir='ltr'>gratias</span> <span class='ocrx_word' id='word_1_34' title='bbox 1225 937 1331 994; x_wconf 76' lang='lat' dir='ltr'>ago</span> <span class='ocrx_word' id='word_1_35' title='bbox 1372 917 1473 977; x_wconf 91' lang='lat' dir='ltr'>tibi</span> <span class='ocrx_word' id='word_1_36' title='bbox 1511 916 1663 996; x_wconf 90' lang='lat' dir='ltr'>quod</span> <span class='ocrx_word' id='word_1_37' title='bbox 1700 936 1813 976; x_wconf 91' lang='lat' dir='ltr'>non</span> <span class='ocrx_word' id='word_1_38' title='bbox 1848 934 1976 976; x_wconf 87' lang='lat' dir='ltr'>sum</span> <span class='ocrx_word' id='word_1_39' title='bbox 2012 914 2166 975; x_wconf 88' lang='lat' dir='ltr'>sicut</span> 
     </span>
    </p>
   </div>
   <div class='ocr_carea' id='block_1_7' title="bbox 510 1003 2165 1087">
    <p class='ocr_par' dir='ltr' id='par_1_7' title="bbox 510 1003 2165 1087">
     <span class='ocr_line' id='line_1_7' title="bbox 510 1003 2165 1087; baseline -0.004 -20"><span class='ocrx_word' id='word_1_40' title='bbox 510 1009 707 1069; x_wconf 77' lang='lat' dir='ltr'>caeteri</span> <span class='ocrx_word' id='word_1_41' title='bbox 759 1009 1056 1081; x_wconf 86' lang='lat' dir='ltr'>homines,</span> <span class='ocrx_word' id='word_1_42' title='bbox 1092 1017 1379 1087; x_wconf 81' lang='lat' dir='ltr'><strong>raptores,</strong></span> <span class='ocrx_word' id='word_1_43' title='bbox 1428 1006 1657 1085; x_wconf 72' lang='lat' dir='ltr'>injusti,</span> <span class='ocrx_word' id='word_1_44' title='bbox 1696 1003 1973 1079; x_wconf 85' lang='lat' dir='ltr'><strong>adulteri,</strong></span> <span class='ocrx_word' id='word_1_45' title='bbox 2008 1004 2165 1063; x_wconf 91' lang='lat' dir='ltr'>velut</span> 
     </span>
    </p>
   </div>
   <div class='ocr_carea' id='block_1_8' title="bbox 514 1092 2163 1177">
    <p class='ocr_par' dir='ltr' id='par_1_8' title="bbox 514 1092 2163 1177">
     <span class='ocr_line' id='line_1_8' title="bbox 514 1092 2163 1177; baseline -0.003 -20"><span class='ocrx_word' id='word_1_46' title='bbox 514 1098 685 1159; x_wconf 88' lang='lat' dir='ltr'>etiam</span> <span class='ocrx_word' id='word_1_47' title='bbox 715 1098 810 1157; x_wconf 90' lang='lat' dir='ltr'>hic</span> <span class='ocrx_word' id='word_1_48' title='bbox 846 1096 1195 1177; x_wconf 86' lang='lat' dir='ltr'>publicanus</span> <span class='ocrx_word' id='word_1_49' title='bbox 1222 1116 1237 1170; x_wconf 89' lang='lat'><em>;</em></span> <span class='ocrx_word' id='word_1_50' title='bbox 1268 1097 1477 1174; x_wconf 90' lang='lat' dir='ltr'>jejuno</span> <span class='ocrx_word' id='word_1_51' title='bbox 1502 1095 1667 1155; x_wconf 91' lang='lat' dir='ltr'>bisin</span> <span class='ocrx_word' id='word_1_52' title='bbox 1693 1093 1970 1172; x_wconf 88' lang='lat' dir='ltr'>Sabbalo,</span> <span class='ocrx_word' id='word_1_53' title='bbox 1998 1092 2163 1153; x_wconf 86' lang='lat' dir='ltr'>deci-</span> 
     </span>
    </p>
   </div>
   <div class='ocr_carea' id='block_1_9' title="bbox 515 1183 2161 1265">
    <p class='ocr_par' dir='ltr' id='par_1_9' title="bbox 515 1183 2161 1265">
     <span class='ocr_line' id='line_1_9' title="bbox 515 1183 2161 1265; baseline -0.001 -21"><span class='ocrx_word' id='word_1_54' title='bbox 515 1206 644 1247; x_wconf 84' lang='lat' dir='ltr'>mas</span> <span class='ocrx_word' id='word_1_55' title='bbox 675 1186 747 1245; x_wconf 85' lang='lat' dir='ltr'>do</span> <span class='ocrx_word' id='word_1_56' title='bbox 785 1186 1047 1245; x_wconf 80' lang='lat' dir='ltr'>omnium</span> <span class='ocrx_word' id='word_1_57' title='bbox 1076 1204 1203 1265; x_wconf 84' lang='lat' dir='ltr'>quae</span> <span class='ocrx_word' id='word_1_58' title='bbox 1227 1185 1527 1265; x_wconf 90' lang='lat' dir='ltr'>possideo.</span> <span class='ocrx_word' id='word_1_59' title='bbox 1560 1184 1633 1245; x_wconf 84' lang='lat' dir='ltr'><strong>Et</strong></span> <span class='ocrx_word' id='word_1_60' title='bbox 1655 1183 2005 1262; x_wconf 77' lang='lat' dir='ltr'>publicanus</span> <span class='ocrx_word' id='word_1_61' title='bbox 2023 1201 2161 1261; x_wconf 90' lang='lat' dir='ltr'>pro-</span> 
     </span>
    </p>
   </div>
   <div class='ocr_carea' id='block_1_10' title="bbox 509 1271 2157 1353">
    <p class='ocr_par' dir='ltr' id='par_1_10' title="bbox 509 1271 2157 1353">
     <span class='ocr_line' id='line_1_10' title="bbox 509 1271 2157 1353; baseline -0.002 -18"><span class='ocrx_word' id='word_1_62' title='bbox 509 1276 603 1335; x_wconf 89' lang='lat' dir='ltr'>cul</span> <span class='ocrx_word' id='word_1_63' title='bbox 636 1286 824 1353; x_wconf 84' lang='lat' dir='ltr'>stans,</span> <span class='ocrx_word' id='word_1_64' title='bbox 870 1294 977 1335; x_wconf 90' lang='lat' dir='ltr'>nec</span> <span class='ocrx_word' id='word_1_65' title='bbox 1009 1276 1211 1335; x_wconf 87' lang='lat' dir='ltr'>oculos</span> <span class='ocrx_word' id='word_1_66' title='bbox 1253 1273 1481 1334; x_wconf 84' lang='lat' dir='ltr'>volebat</span> <span class='ocrx_word' id='word_1_67' title='bbox 1511 1274 1580 1333; x_wconf 84' lang='lat' dir='ltr'>ad</span> <span class='ocrx_word' id='word_1_68' title='bbox 1616 1273 1834 1335; x_wconf 72' lang='lat' dir='ltr'>calum</span> <span class='ocrx_word' id='word_1_69' title='bbox 1867 1271 2157 1345; x_wconf 87' lang='lat' dir='ltr'><strong>attollere,</strong></span> 
     </span>
    </p>
   </div>
   <div class='ocr_carea' id='block_1_11' title="bbox 511 1363 2161 1444">
    <p class='ocr_par' dir='ltr' id='par_1_11' title="bbox 511 1363 2161 1444">
     <span class='ocr_line' id='line_1_11' title="bbox 511 1363 2161 1444; baseline -0.002 -18"><span class='ocrx_word' id='word_1_70' title='bbox 511 1367 613 1427; x_wconf 88' lang='lat' dir='ltr'>sed</span> <span class='ocrx_word' id='word_1_71' title='bbox 648 1365 931 1426; x_wconf 91' lang='lat' dir='ltr'>tundebat</span> <span class='ocrx_word' id='word_1_72' title='bbox 950 1373 1155 1444; x_wconf 90' lang='lat' dir='ltr'>pectus</span> <span class='ocrx_word' id='word_1_73' title='bbox 1184 1384 1352 1425; x_wconf 86' lang='lat' dir='ltr'>suum</span> <span class='ocrx_word' id='word_1_74' title='bbox 1381 1365 1585 1425; x_wconf 84' lang='lat' dir='ltr'>dicens</span> <span class='ocrx_word' id='word_1_75' title='bbox 1618 1386 1629 1423; x_wconf 95' lang='lat'>:</span> <span class='ocrx_word' id='word_1_76' title='bbox 1670 1363 1843 1436; x_wconf 83' lang='lat' dir='ltr'>Deus,</span> <span class='ocrx_word' id='word_1_77' title='bbox 1873 1364 2161 1444; x_wconf 84' lang='lat' dir='ltr'>propitius</span> 
     </span>
    </p>
   </div>
   <div class='ocr_carea' id='block_1_12' title="bbox 510 1450 2164 1533">
    <p class='ocr_par' dir='ltr' id='par_1_12' title="bbox 510 1450 2164 1533">
     <span class='ocr_line' id='line_1_12' title="bbox 510 1450 2164 1533; baseline -0.002 -19"><span class='ocrx_word' id='word_1_78' title='bbox 510 1464 631 1514; x_wconf 84' lang='lat' dir='ltr'>esto</span> <span class='ocrx_word' id='word_1_79' title='bbox 655 1456 795 1515; x_wconf 90' lang='lat' dir='ltr'>mihi</span> <span class='ocrx_word' id='word_1_80' title='bbox 816 1454 1134 1533; x_wconf 89' lang='lat' dir='ltr'>peccatori.</span> <span class='ocrx_word' id='word_1_81' title='bbox 1164 1455 1309 1515; x_wconf 86' lang='lat' dir='ltr'>Dico</span> <span class='ocrx_word' id='word_1_82' title='bbox 1331 1453 1519 1529; x_wconf 78' lang='lat' dir='ltr'>vobis,</span> <span class='ocrx_word' id='word_1_83' title='bbox 1548 1453 1858 1513; x_wconf 74' lang='lat' dir='ltr'>descendit</span> <span class='ocrx_word' id='word_1_84' title='bbox 1882 1450 2164 1531; x_wconf 85' lang='lat' dir='ltr'>hicjusti-</span> 
     </span>
    </p>
   </div>
   <div class='ocr_carea' id='block_1_13' title="bbox 510 1540 2159 1622">
    <p class='ocr_par' dir='ltr' id='par_1_13' title="bbox 510 1540 2159 1622">
     <span class='ocr_line' id='line_1_13' title="bbox 510 1540 2159 1622; baseline -0.001 -21"><span class='ocrx_word' id='word_1_85' title='bbox 510 1543 719 1603; x_wconf 84' lang='lat' dir='ltr'>ﬁeatus</span> <span class='ocrx_word' id='word_1_86' title='bbox 743 1544 802 1603; x_wconf 93' lang='lat' dir='ltr'>in</span> <span class='ocrx_word' id='word_1_87' title='bbox 829 1544 1068 1603; x_wconf 91' lang='lat' dir='ltr'>domum</span> <span class='ocrx_word' id='word_1_88' title='bbox 1094 1561 1281 1614; x_wconf 88' lang='lat' dir='ltr'>suam,</span> <span class='ocrx_word' id='word_1_89' title='bbox 1310 1541 1492 1620; x_wconf 80' lang='lat' dir='ltr'>magis</span> <span class='ocrx_word' id='word_1_90' title='bbox 1509 1560 1680 1622; x_wconf 90' lang='lat' dir='ltr'>quam</span> <span class='ocrx_word' id='word_1_91' title='bbox 1704 1541 1803 1601; x_wconf 92' lang='lat' dir='ltr'>ille</span> <span class='ocrx_word' id='word_1_92' title='bbox 1833 1564 1844 1599; x_wconf 90' lang='lat'>:</span> <span class='ocrx_word' id='word_1_93' title='bbox 1873 1540 2010 1620; x_wconf 87' lang='lat' dir='ltr'>quia</span> <span class='ocrx_word' id='word_1_94' title='bbox 2027 1558 2159 1600; x_wconf 84' lang='lat' dir='ltr'>om-</span> 
     </span>
    </p>
   </div>
   <div class='ocr_carea' id='block_1_14' title="bbox 508 1630 2159 1711">
    <p class='ocr_par' dir='ltr' id='par_1_14' title="bbox 508 1630 2159 1711">
     <span class='ocr_line' id='line_1_14' title="bbox 508 1630 2159 1711; baseline -0.001 -20"><span class='ocrx_word' id='word_1_95' title='bbox 508 1632 602 1691; x_wconf 89' lang='lat' dir='ltr'>nis</span> <span class='ocrx_word' id='word_1_96' title='bbox 632 1633 730 1711; x_wconf 88' lang='lat' dir='ltr'>qui</span> <span class='ocrx_word' id='word_1_97' title='bbox 763 1651 825 1692; x_wconf 91' lang='lat' dir='ltr'>se</span> <span class='ocrx_word' id='word_1_98' title='bbox 870 1632 1114 1707; x_wconf 86' lang='lat' dir='ltr'><strong>extollit,</strong></span> <span class='ocrx_word' id='word_1_99' title='bbox 1153 1631 1586 1705; x_wconf 87' lang='lat' dir='ltr'>humiliabitur,</span> <span class='ocrx_word' id='word_1_100' title='bbox 1629 1639 1685 1690; x_wconf 89' lang='lat' dir='ltr'>et</span> <span class='ocrx_word' id='word_1_101' title='bbox 1730 1630 1922 1691; x_wconf 89' lang='lat' dir='ltr'>omnis</span> <span class='ocrx_word' id='word_1_102' title='bbox 1965 1631 2061 1709; x_wconf 88' lang='lat' dir='ltr'>qui</span> <span class='ocrx_word' id='word_1_103' title='bbox 2094 1646 2159 1689; x_wconf 92' lang='lat' dir='ltr'>se</span> 
     </span>
    </p>
   </div>
   <div class='ocr_carea' id='block_1_15' title="bbox 508 1718 2156 1798">
    <p class='ocr_par' dir='ltr' id='par_1_15' title="bbox 508 1718 2156 1798">
     <span class='ocr_line' id='line_1_15' title="bbox 508 1718 2156 1798; baseline -0.002 -17"><span class='ocrx_word' id='word_1_104' title='bbox 508 1722 800 1793; x_wconf 86' lang='lat' dir='ltr'>bumiliat,</span> <span class='ocrx_word' id='word_1_105' title='bbox 836 1721 1171 1782; x_wconf 82' lang='lat' dir='ltr'><strong>extolletur.</strong></span> <span class='ocrx_word' id='word_1_106' title='bbox 1210 1744 1241 1776; x_wconf 71' lang='lat' dir='ltr'>ac</span> <span class='ocrx_word' id='word_1_107' title='bbox 1273 1719 1399 1780; x_wconf 90' lang='lat' dir='ltr'>Non</span> <span class='ocrx_word' id='word_1_108' title='bbox 1424 1730 1617 1781; x_wconf 88' lang='lat' dir='ltr'>cessat</span> <span class='ocrx_word' id='word_1_109' title='bbox 1650 1722 1935 1780; x_wconf 90' lang='lat' dir='ltr'>Dominus</span> <span class='ocrx_word' id='word_1_110' title='bbox 1966 1718 2156 1798; x_wconf 88' lang='lat' dir='ltr'>pluri-</span> 
     </span>
    </p>
   </div>
   <div class='ocr_carea' id='block_1_16' title="bbox 510 1808 2156 1890">
    <p class='ocr_par' dir='ltr' id='par_1_16' title="bbox 510 1808 2156 1890">
     <span class='ocr_line' id='line_1_16' title="bbox 510 1808 2156 1890; baseline -0.001 -20"><span class='ocrx_word' id='word_1_111' title='bbox 510 1810 617 1871; x_wconf 93' lang='lat' dir='ltr'>bus</span> <span class='ocrx_word' id='word_1_112' title='bbox 666 1812 1029 1888; x_wconf 85' lang='lat' dir='ltr'>argumentis</span> <span class='ocrx_word' id='word_1_113' title='bbox 1060 1828 1380 1890; x_wconf 79' lang='lat' dir='ltr'><strong>repurgare</strong></span> <span class='ocrx_word' id='word_1_114' title='bbox 1418 1809 1713 1889; x_wconf 85' lang='lat' dir='ltr'>superbia</span> <span class='ocrx_word' id='word_1_115' title='bbox 1755 1809 1985 1869; x_wconf 90' lang='lat' dir='ltr'>vitium.</span> <span class='ocrx_word' id='word_1_116' title='bbox 2019 1808 2156 1870; x_wconf 86' lang='lat' dir='ltr'>Plus</span> 
     </span>
    </p>
   </div>
   <div class='ocr_carea' id='block_1_17' title="bbox 508 1898 2157 1977">
    <p class='ocr_par' dir='ltr' id='par_1_17' title="bbox 508 1898 2157 1977">
     <span class='ocr_line' id='line_1_17' title="bbox 508 1898 2157 1977; baseline -0.002 -17"><span class='ocrx_word' id='word_1_117' title='bbox 508 1901 664 1960; x_wconf 90' lang='lat' dir='ltr'>enim</span> <span class='ocrx_word' id='word_1_118' title='bbox 687 1900 818 1960; x_wconf 84' lang='lat' dir='ltr'>aliis</span> <span class='ocrx_word' id='word_1_119' title='bbox 847 1900 996 1960; x_wconf 79' lang='lat' dir='ltr'>vitiis</span> <span class='ocrx_word' id='word_1_120' title='bbox 1022 1908 1286 1961; x_wconf 89' lang='lat' dir='ltr'>mentem</span> <span class='ocrx_word' id='word_1_121' title='bbox 1312 1901 1629 1959; x_wconf 85' lang='lat' dir='ltr'>humanam</span> <span class='ocrx_word' id='word_1_122' title='bbox 1659 1898 2157 1977; x_wconf 84' lang='lat' dir='ltr'>turbat,propter-</span> 
     </span>
    </p>
   </div>
   <div class='ocr_carea' id='block_1_18' title="bbox 508 1986 2155 2069">
    <p class='ocr_par' dir='ltr' id='par_1_18' title="bbox 508 1986 2155 2069">
     <span class='ocr_line' id='line_1_18' title="bbox 508 1986 2155 2069; baseline -0.001 -20"><span class='ocrx_word' id='word_1_123' title='bbox 508 2007 576 2049; x_wconf 89' lang='lat' dir='ltr'>ea</span> <span class='ocrx_word' id='word_1_124' title='bbox 609 2008 764 2069; x_wconf 85' lang='lat' dir='ltr'>sape</span> <span class='ocrx_word' id='word_1_125' title='bbox 794 1996 852 2050; x_wconf 92' lang='lat' dir='ltr'>et</span> <span class='ocrx_word' id='word_1_126' title='bbox 884 1989 1132 2049; x_wconf 89' lang='lat' dir='ltr'>multum</span> <span class='ocrx_word' id='word_1_127' title='bbox 1158 1989 1231 2049; x_wconf 91' lang='lat' dir='ltr'>de</span> <span class='ocrx_word' id='word_1_128' title='bbox 1262 1990 1370 2049; x_wconf 90' lang='lat' dir='ltr'>hac</span> <span class='ocrx_word' id='word_1_129' title='bbox 1403 1988 1597 2049; x_wconf 86' lang='lat' dir='ltr'>docet.</span> <span class='ocrx_word' id='word_1_130' title='bbox 1620 1986 1889 2067; x_wconf 92' lang='lat' dir='ltr'>Denique</span> <span class='ocrx_word' id='word_1_131' title='bbox 1916 1995 1971 2047; x_wconf 91' lang='lat' dir='ltr'>et</span> <span class='ocrx_word' id='word_1_132' title='bbox 1996 2006 2155 2047; x_wconf 91' lang='lat' dir='ltr'>nunc</span> 
     </span>
    </p>
   </div>
   <div class='ocr_carea' id='block_1_19' title="bbox 511 2075 2155 2157">
    <p class='ocr_par' dir='ltr' id='par_1_19' title="bbox 511 2075 2155 2157">
     <span class='ocr_line' id='line_1_19' title="bbox 511 2075 2155 2157; baseline -0.001 -19"><span class='ocrx_word' id='word_1_133' title='bbox 511 2079 773 2157; x_wconf 89' lang='lat' dir='ltr'>pejorem</span> <span class='ocrx_word' id='word_1_134' title='bbox 814 2080 942 2156; x_wconf 85' lang='lat' dir='ltr'>ejus</span> <span class='ocrx_word' id='word_1_135' title='bbox 992 2077 1250 2156; x_wconf 85' lang='lat' dir='ltr'>speciem</span> <span class='ocrx_word' id='word_1_136' title='bbox 1312 2086 1545 2157; x_wconf 82' lang='lat' dir='ltr'>purgat.</span> <span class='ocrx_word' id='word_1_137' title='bbox 1580 2077 1764 2139; x_wconf 86' lang='lat' dir='ltr'>Multa</span> <span class='ocrx_word' id='word_1_138' title='bbox 1818 2075 1977 2136; x_wconf 91' lang='lat' dir='ltr'>enim</span> <span class='ocrx_word' id='word_1_139' title='bbox 2023 2083 2155 2136; x_wconf 86' lang='lat' dir='ltr'>sunt</span> 
     </span>
    </p>
   </div>
   <div class='ocr_carea' id='block_1_20' title="bbox 508 2166 2149 2246">
    <p class='ocr_par' dir='ltr' id='par_1_20' title="bbox 508 2166 2149 2246">
     <span class='ocr_line' id='line_1_20' title="bbox 508 2166 2149 2246; baseline -0.001 -22"><span class='ocrx_word' id='word_1_140' title='bbox 508 2167 812 2246; x_wconf 78' lang='lat' dir='ltr'>philautia</span> <span class='ocrx_word' id='word_1_141' title='bbox 836 2167 1347 2245; x_wconf 86' lang='lat' dir='ltr'>germina.0pinio</span> <span class='ocrx_word' id='word_1_142' title='bbox 1371 2167 1443 2227; x_wconf 90' lang='lat' dir='ltr'>de</span> <span class='ocrx_word' id='word_1_143' title='bbox 1468 2184 1530 2226; x_wconf 81' lang='lat' dir='ltr'>se</span> <span class='ocrx_word' id='word_1_144' title='bbox 1557 2166 2149 2243; x_wconf 81' lang='lat' dir='ltr'>magna,arrogantia,</span> 
     </span>
    </p>
   </div>
   <div class='ocr_carea' id='block_1_21' title="bbox 507 2253 2154 2333">
    <p class='ocr_par' dir='ltr' id='par_1_21' title="bbox 507 2253 2154 2333">
     <span class='ocr_line' id='line_1_21' title="bbox 507 2253 2154 2333; baseline -0.002 -18"><span class='ocrx_word' id='word_1_145' title='bbox 507 2267 562 2316; x_wconf 92' lang='lat' dir='ltr'>et</span> <span class='ocrx_word' id='word_1_146' title='bbox 594 2256 785 2316; x_wconf 90' lang='lat' dir='ltr'>inanis</span> <span class='ocrx_word' id='word_1_147' title='bbox 816 2256 1019 2331; x_wconf 82' lang='lat' dir='ltr'>gloria</span> <span class='ocrx_word' id='word_1_148' title='bbox 1050 2254 1341 2333; x_wconf 87' lang='lat' dir='ltr'>cupiditas</span> <span class='ocrx_word' id='word_1_149' title='bbox 1364 2253 1435 2313; x_wconf 90' lang='lat' dir='ltr'>ab</span> <span class='ocrx_word' id='word_1_150' title='bbox 1464 2254 1572 2314; x_wconf 90' lang='lat' dir='ltr'>hac</span> <span class='ocrx_word' id='word_1_151' title='bbox 1599 2253 1909 2333; x_wconf 66' lang='lat' dir='ltr'>pullulant.</span> <span class='ocrx_word' id='word_1_152' title='bbox 1940 2253 2154 2314; x_wconf 88' lang='lat' dir='ltr'>Perni-</span> 
     </span>
    </p>
   </div>
   <div class='ocr_carea' id='block_1_22' title="bbox 506 2340 2154 2421">
    <p class='ocr_par' dir='ltr' id='par_1_22' title="bbox 506 2340 2154 2421">
     <span class='ocr_line' id='line_1_22' title="bbox 506 2340 2154 2421; baseline -0.001 -17"><span class='ocrx_word' id='word_1_153' title='bbox 506 2346 699 2404; x_wconf 88' lang='lat' dir='ltr'>ciosor</span> <span class='ocrx_word' id='word_1_154' title='bbox 724 2353 917 2404; x_wconf 90' lang='lat' dir='ltr'><strong>autem</strong></span> <span class='ocrx_word' id='word_1_155' title='bbox 953 2342 1233 2404; x_wconf 74' lang='lat' dir='ltr'>omnibus</span> <span class='ocrx_word' id='word_1_156' title='bbox 1264 2343 1395 2402; x_wconf 91' lang='lat' dir='ltr'>aliis</span> <span class='ocrx_word' id='word_1_157' title='bbox 1431 2351 1519 2402; x_wconf 91' lang='lat' dir='ltr'>est</span> <span class='ocrx_word' id='word_1_158' title='bbox 1548 2341 1855 2421; x_wconf 77' lang='lat' dir='ltr'>superbia,</span> <span class='ocrx_word' id='word_1_159' title='bbox 1892 2361 2024 2419; x_wconf 85' lang='lat' dir='ltr'>qua</span> <span class='ocrx_word' id='word_1_160' title='bbox 2046 2340 2154 2403; x_wconf 90' lang='lat' dir='ltr'>Dei</span> 
     </span>
    </p>
   </div>
   <div class='ocr_carea' id='block_1_23' title="bbox 508 2429 2154 2511">
    <p class='ocr_par' dir='ltr' id='par_1_23' title="bbox 508 2429 2154 2511">
     <span class='ocr_line' id='line_1_23' title="bbox 508 2429 2154 2511; baseline -0.001 -20"><span class='ocrx_word' id='word_1_161' title='bbox 508 2441 596 2492; x_wconf 92' lang='lat' dir='ltr'>est</span> <span class='ocrx_word' id='word_1_162' title='bbox 627 2441 1025 2511; x_wconf 89' lang='lat' dir='ltr'>contemptus.</span> <span class='ocrx_word' id='word_1_163' title='bbox 1054 2432 1197 2492; x_wconf 90' lang='lat' dir='ltr'>Cum</span> <span class='ocrx_word' id='word_1_164' title='bbox 1234 2431 1389 2491; x_wconf 83' lang='lat' dir='ltr'>enim</span> <span class='ocrx_word' id='word_1_165' title='bbox 1419 2431 1550 2510; x_wconf 90' lang='lat' dir='ltr'>quis</span> <span class='ocrx_word' id='word_1_166' title='bbox 1581 2449 1698 2490; x_wconf 93' lang='lat' dir='ltr'>non</span> <span class='ocrx_word' id='word_1_167' title='bbox 1727 2429 1872 2505; x_wconf 91' lang='lat' dir='ltr'>Deo,</span> <span class='ocrx_word' id='word_1_168' title='bbox 1908 2430 2012 2490; x_wconf 90' lang='lat' dir='ltr'>sed</span> <span class='ocrx_word' id='word_1_169' title='bbox 2044 2430 2154 2491; x_wconf 91' lang='lat' dir='ltr'>sibi</span> 
     </span>
    </p>
   </div>
   <div class='ocr_carea' id='block_1_24' title="bbox 506 2519 2153 2600">
    <p class='ocr_par' dir='ltr' id='par_1_24' title="bbox 506 2519 2153 2600">
     <span class='ocr_line' id='line_1_24' title="bbox 506 2519 2153 2600; baseline 0 -20"><span class='ocrx_word' id='word_1_170' title='bbox 506 2540 609 2582; x_wconf 90' lang='lat' dir='ltr'>sua</span> <span class='ocrx_word' id='word_1_171' title='bbox 641 2521 796 2583; x_wconf 89' lang='lat' dir='ltr'>hona</span> <span class='ocrx_word' id='word_1_172' title='bbox 823 2538 1003 2600; x_wconf 87' lang='lat' dir='ltr'>opera</span> <span class='ocrx_word' id='word_1_173' title='bbox 1051 2520 1274 2593; x_wconf 89' lang='lat' dir='ltr'>tribuit,</span> <span class='ocrx_word' id='word_1_174' title='bbox 1325 2520 1463 2598; x_wconf 87' lang='lat' dir='ltr'>quid</span> <span class='ocrx_word' id='word_1_175' title='bbox 1501 2521 1610 2579; x_wconf 88' lang='lat' dir='ltr'>hoc</span> <span class='ocrx_word' id='word_1_176' title='bbox 1637 2519 1791 2579; x_wconf 88' lang='lat' dir='ltr'>aliud</span> <span class='ocrx_word' id='word_1_177' title='bbox 1826 2538 1997 2598; x_wconf 90' lang='lat' dir='ltr'>quam</span> <span class='ocrx_word' id='word_1_178' title='bbox 2042 2538 2153 2580; x_wconf 91' lang='lat' dir='ltr'>ne-</span> 
     </span>
    </p>
   </div>
   <div class='ocr_carea' id='block_1_25' title="bbox 505 2606 2150 2688">
    <p class='ocr_par' dir='ltr' id='par_1_25' title="bbox 505 2606 2150 2688">
     <span class='ocr_line' id='line_1_25' title="bbox 505 2606 2150 2688; baseline -0.002 -18"><span class='ocrx_word' id='word_1_179' title='bbox 505 2629 642 2688; x_wconf 83' lang='lat' dir='ltr'>gare</span> <span class='ocrx_word' id='word_1_180' title='bbox 662 2609 847 2670; x_wconf 91' lang='lat' dir='ltr'>Deum</span> <span class='ocrx_word' id='word_1_181' title='bbox 873 2618 981 2684; x_wconf 83' lang='lat' dir='ltr'>est,</span> <span class='ocrx_word' id='word_1_182' title='bbox 1008 2618 1065 2669; x_wconf 92' lang='lat' dir='ltr'>et</span> <span class='ocrx_word' id='word_1_183' title='bbox 1098 2608 1150 2668; x_wconf 92' lang='lat' dir='ltr'>ei</span> <span class='ocrx_word' id='word_1_184' title='bbox 1183 2608 1533 2669; x_wconf 80' lang='lat' dir='ltr'>adversari?</span> <span class='ocrx_word' id='word_1_185' title='bbox 1564 2610 1686 2670; x_wconf 83' lang='lat' dir='ltr'>Hoc</span> <span class='ocrx_word' id='word_1_186' title='bbox 1720 2607 1895 2686; x_wconf 80' lang='lat' dir='ltr'>igitur</span> <span class='ocrx_word' id='word_1_187' title='bbox 1925 2606 2150 2681; x_wconf 88' lang='lat' dir='ltr'>vitium,</span> 
     </span>
    </p>
   </div>
   <div class='ocr_carea' id='block_1_26' title="bbox 504 2696 2149 2771">
    <p class='ocr_par' dir='ltr' id='par_1_26' title="bbox 504 2696 2149 2771">
     <span class='ocr_line' id='line_1_26' title="bbox 504 2696 2149 2771; baseline -0.005 -8"><span class='ocrx_word' id='word_1_188' title='bbox 504 2700 600 2763; x_wconf 85' lang='lat' dir='ltr'>Cui</span> <span class='ocrx_word' id='word_1_189' title='bbox 630 2698 914 2760; x_wconf 90' lang='lat' dir='ltr'>Dominus</span> <span class='ocrx_word' id='word_1_190' title='bbox 958 2698 1040 2760; x_wconf 90' lang='lat' dir='ltr'>ita</span> <span class='ocrx_word' id='word_1_191' title='bbox 1070 2697 1433 2771; x_wconf 84' lang='lat' dir='ltr'>adversatur,</span> <span class='ocrx_word' id='word_1_192' title='bbox 1486 2706 1547 2758; x_wconf 88' lang='lat' dir='ltr'>ut</span> <span class='ocrx_word' id='word_1_193' title='bbox 1578 2696 1856 2757; x_wconf 92' lang='lat' dir='ltr'>inimicus</span> <span class='ocrx_word' id='word_1_194' title='bbox 1886 2696 2149 2769; x_wconf 85' lang='lat' dir='ltr'>inimico,</span> 
     </span>
    </p>
   </div>
   <div class='ocr_carea' id='block_1_27' title="bbox 505 2786 2149 2868">
    <p class='ocr_par' dir='ltr' id='par_1_27' title="bbox 505 2786 2149 2868">
     <span class='ocr_line' id='line_1_27' title="bbox 505 2786 2149 2868; baseline -0.002 -20"><span class='ocrx_word' id='word_1_195' title='bbox 505 2789 612 2848; x_wconf 91' lang='lat' dir='ltr'>hac</span> <span class='ocrx_word' id='word_1_196' title='bbox 632 2788 908 2868; x_wconf 87' lang='lat' dir='ltr'>parabola</span> <span class='ocrx_word' id='word_1_197' title='bbox 937 2786 2149 2863; x_wconf 71' lang='lat' dir='ltr'>medicariDominusdeclaraturJ’rOpter</span> 
     </span>
    </p>
   </div>
   <div class='ocr_carea' id='block_1_28' title="bbox 502 2875 2143 2956">
    <p class='ocr_par' dir='ltr' id='par_1_28' title="bbox 502 2875 2143 2956">
     <span class='ocr_line' id='line_1_28' title="bbox 502 2875 2143 2956; baseline -0.002 -19"><span class='ocrx_word' id='word_1_198' title='bbox 502 2877 614 2937; x_wconf 89' lang='lat' dir='ltr'>hoc</span> <span class='ocrx_word' id='word_1_199' title='bbox 641 2878 798 2938; x_wconf 87' lang='lat' dir='ltr'>enim</span> <span class='ocrx_word' id='word_1_200' title='bbox 834 2877 990 2956; x_wconf 89' lang='lat' dir='ltr'>quod</span> <span class='ocrx_word' id='word_1_201' title='bbox 1024 2876 1330 2937; x_wconf 81' lang='lat' dir='ltr'>conﬁdunt</span> <span class='ocrx_word' id='word_1_202' title='bbox 1362 2875 1421 2935; x_wconf 90' lang='lat' dir='ltr'>in</span> <span class='ocrx_word' id='word_1_203' title='bbox 1454 2875 1689 2955; x_wconf 91' lang='lat' dir='ltr'>seipsis,</span> <span class='ocrx_word' id='word_1_204' title='bbox 1717 2883 1770 2935; x_wconf 89' lang='lat' dir='ltr'>et</span> <span class='ocrx_word' id='word_1_205' title='bbox 1808 2894 1925 2935; x_wconf 93' lang='lat' dir='ltr'>non</span> <span class='ocrx_word' id='word_1_206' title='bbox 1958 2884 2143 2934; x_wconf 91' lang='lat' dir='ltr'>totum</span> 
     </span>
    </p>
   </div>
   <div class='ocr_carea' id='block_1_29' title="bbox 502 2963 2148 3043">
    <p class='ocr_par' dir='ltr' id='par_1_29' title="bbox 502 2963 2148 3043">
     <span class='ocr_line' id='line_1_29' title="bbox 502 2963 2148 3043; baseline -0.002 -16"><span class='ocrx_word' id='word_1_207' title='bbox 502 2966 620 3027; x_wconf 90' lang='lat' dir='ltr'>Deo</span> <span class='ocrx_word' id='word_1_208' title='bbox 658 2967 943 3041; x_wconf 82' lang='lat' dir='ltr'>lribuutit,</span> <span class='ocrx_word' id='word_1_209' title='bbox 988 2966 1091 3027; x_wconf 90' lang='lat' dir='ltr'>sed</span> <span class='ocrx_word' id='word_1_210' title='bbox 1140 2965 1285 3026; x_wconf 91' lang='lat' dir='ltr'>alios</span> <span class='ocrx_word' id='word_1_211' title='bbox 1332 2982 1437 3043; x_wconf 91' lang='lat' dir='ltr'>per</span> <span class='ocrx_word' id='word_1_212' title='bbox 1483 2965 1593 3025; x_wconf 89' lang='lat' dir='ltr'>hoc</span> <span class='ocrx_word' id='word_1_213' title='bbox 1627 2963 1988 3038; x_wconf 82' lang='lat' dir='ltr'>exinaniunt,</span> <span class='ocrx_word' id='word_1_214' title='bbox 2024 2965 2148 3024; x_wconf 89' lang='lat' dir='ltr'>hac</span> 
     </span>
    </p>
   </div>
   <div class='ocr_carea' id='block_1_30' title="bbox 503 3052 2151 3134">
    <p class='ocr_par' dir='ltr' id='par_1_30' title="bbox 503 3052 2151 3134">
     <span class='ocr_line' id='line_1_30' title="bbox 503 3052 2151 3134; baseline -0.002 -19"><span class='ocrx_word' id='word_1_215' title='bbox 503 3055 685 3117; x_wconf 91' lang='lat' dir='ltr'>dicit:</span> <span class='ocrx_word' id='word_1_216' title='bbox 724 3064 782 3116; x_wconf 94' lang='lat' dir='ltr'>et</span> <span class='ocrx_word' id='word_1_217' title='bbox 814 3056 1071 3116; x_wconf 85' lang='lat' dir='ltr'>ostendit</span> <span class='ocrx_word' id='word_1_218' title='bbox 1094 3054 1247 3134; x_wconf 91' lang='lat' dir='ltr'>quod</span> <span class='ocrx_word' id='word_1_219' title='bbox 1267 3054 1519 3133; x_wconf 85' lang='lat' dir='ltr'>justitia,</span> <span class='ocrx_word' id='word_1_220' title='bbox 1546 3053 1808 3133; x_wconf 89' lang='lat' dir='ltr'>quamvis</span> <span class='ocrx_word' id='word_1_221' title='bbox 1830 3053 2046 3132; x_wconf 89' lang='lat' dir='ltr'>alioqui</span> <span class='ocrx_word' id='word_1_222' title='bbox 2077 3052 2151 3111; x_wconf 93' lang='lat' dir='ltr'>sit</span> 
     </span>
    </p>
   </div>
   <div class='ocr_carea' id='block_1_31' title="bbox 509 3142 2205 3243">
    <p class='ocr_par' dir='ltr' id='par_1_31' title="bbox 509 3142 2205 3243">
     <span class='ocr_line' id='line_1_31' title="bbox 509 3142 2205 3243; baseline -0.003 -39"><span class='ocrx_word' id='word_1_223' title='bbox 509 3145 823 3217; x_wconf 86' lang='lat' dir='ltr'>mirabilis,</span> <span class='ocrx_word' id='word_1_224' title='bbox 860 3155 915 3205; x_wconf 90' lang='lat' dir='ltr'>et</span> <span class='ocrx_word' id='word_1_225' title='bbox 946 3145 1244 3205; x_wconf 87' lang='lat' dir='ltr'>hominem</span> <span class='ocrx_word' id='word_1_226' title='bbox 1279 3143 1400 3204; x_wconf 89' lang='lat' dir='ltr'>Deo</span> <span class='ocrx_word' id='word_1_227' title='bbox 1433 3144 1765 3223; x_wconf 82' lang='lat' dir='ltr'>proximum</span> <span class='ocrx_word' id='word_1_228' title='bbox 1800 3142 2142 3215; x_wconf 75' lang='lat' dir='ltr'>conSlizuat,</span> <span class='ocrx_word' id='word_1_229' title='bbox 2164 3192 2205 3243; x_wconf 62' lang='grc' dir='ltr'>ο</span> 
     </span>
    </p>
   </div>
   <div class='ocr_carea' id='block_1_32' title="bbox 501 3230 2143 3312">
    <p class='ocr_par' dir='ltr' id='par_1_32' title="bbox 501 3230 2143 3312">
     <span class='ocr_line' id='line_1_32' title="bbox 501 3230 2143 3312; baseline -0.001 -19"><span class='ocrx_word' id='word_1_230' title='bbox 501 3253 633 3293; x_wconf 93' lang='lat' dir='ltr'>cum</span> <span class='ocrx_word' id='word_1_231' title='bbox 664 3234 1004 3312; x_wconf 82' lang='lat' dir='ltr'>superbiam</span> <span class='ocrx_word' id='word_1_232' title='bbox 1038 3233 1367 3307; x_wconf 85' lang='lat' dir='ltr'>admiserit,</span> <span class='ocrx_word' id='word_1_233' title='bbox 1404 3230 1706 3292; x_wconf 89' lang='lat' dir='ltr'>hominem</span> <span class='ocrx_word' id='word_1_234' title='bbox 1744 3249 1800 3291; x_wconf 53' lang='lat' dir='ltr'>in</span> <span class='ocrx_word' id='word_1_235' title='bbox 1831 3231 2023 3292; x_wconf 85' lang='lat' dir='ltr'>locum</span> <span class='ocrx_word' id='word_1_236' title='bbox 2049 3236 2143 3292; x_wconf 90' lang='lat' dir='ltr'>in-</span> 
     </span>
    </p>
   </div>
   <div class='ocr_carea' id='block_1_33' title="bbox 502 3319 2143 3400">
    <p class='ocr_par' dir='ltr' id='par_1_33' title="bbox 502 3319 2143 3400">
     <span class='ocr_line' id='line_1_33' title="bbox 502 3319 2143 3400; baseline 0 -20"><span class='ocrx_word' id='word_1_237' title='bbox 502 3323 701 3381; x_wconf 80' lang='lat' dir='ltr'>timum</span> <span class='ocrx_word' id='word_1_238' title='bbox 734 3322 986 3400; x_wconf 66' lang='lat' dir='ltr'>re-jiciat,</span> <span class='ocrx_word' id='word_1_239' title='bbox 1020 3328 1077 3380; x_wconf 89' lang='lat' dir='ltr'>et</span> <span class='ocrx_word' id='word_1_240' title='bbox 1123 3320 1455 3380; x_wconf 71' lang='lat' dir='ltr'>daemonem</span> <span class='ocrx_word' id='word_1_241' title='bbox 1507 3320 1742 3395; x_wconf 88' lang='lat' dir='ltr'>reddat,</span> <span class='ocrx_word' id='word_1_242' title='bbox 1789 3319 1887 3399; x_wconf 91' lang='lat' dir='ltr'>qui</span> <span class='ocrx_word' id='word_1_243' title='bbox 1912 3319 2037 3398; x_wconf 89' lang='lat' dir='ltr'>jam</span> <span class='ocrx_word' id='word_1_244' title='bbox 2080 3338 2143 3380; x_wconf 91' lang='lat' dir='ltr'>se</span> 
     </span>
    </p>
   </div>
   <div class='ocr_carea' id='block_1_34' title="bbox 501 3407 2145 3489">
    <p class='ocr_par' dir='ltr' id='par_1_34' title="bbox 501 3407 2145 3489">
     <span class='ocr_line' id='line_1_34' title="bbox 501 3407 2145 3489; baseline 0 -20"><span class='ocrx_word' id='word_1_245' title='bbox 501 3410 784 3489; x_wconf 88' lang='lat' dir='ltr'>aqualem</span> <span class='ocrx_word' id='word_1_246' title='bbox 825 3409 942 3470; x_wconf 91' lang='lat' dir='ltr'>Deo</span> <span class='ocrx_word' id='word_1_247' title='bbox 973 3410 1218 3471; x_wconf 81' lang='lat' dir='ltr'>fecerat.</span> <span class='ocrx_word' id='word_1_248' title='bbox 1277 3408 1506 3469; x_wconf 82' lang='lat' dir='ltr'>Similia</span> <span class='ocrx_word' id='word_1_249' title='bbox 1562 3407 1755 3487; x_wconf 87' lang='lat' dir='ltr'>itaque</span> <span class='ocrx_word' id='word_1_250' title='bbox 1798 3417 1933 3469; x_wconf 90' lang='lat' dir='ltr'>sunt</span> <span class='ocrx_word' id='word_1_251' title='bbox 1966 3408 2145 3469; x_wconf 74' lang='lat' dir='ltr'>verba</span> 
     </span>
    </p>
   </div>
   <div class='ocr_carea' id='block_1_35' title="bbox 498 3495 2142 3575">
    <p class='ocr_par' dir='ltr' id='par_1_35' title="bbox 498 3495 2142 3575">
     <span class='ocr_line' id='line_1_35' title="bbox 498 3495 2142 3575; baseline 0 -17"><span class='ocrx_word' id='word_1_252' title='bbox 498 3497 777 3560; x_wconf 86' lang='lat' dir='ltr'>Pharisai</span> <span class='ocrx_word' id='word_1_253' title='bbox 801 3498 871 3558; x_wconf 90' lang='lat' dir='ltr'>ab</span> <span class='ocrx_word' id='word_1_254' title='bbox 894 3498 1083 3567; x_wconf 89' lang='lat' dir='ltr'>initio,</span> <span class='ocrx_word' id='word_1_255' title='bbox 1114 3497 1261 3575; x_wconf 85' lang='lat' dir='ltr'>grati</span> <span class='ocrx_word' id='word_1_256' title='bbox 1297 3496 1556 3556; x_wconf 87' lang='lat' dir='ltr'>hominis</span> <span class='ocrx_word' id='word_1_257' title='bbox 1580 3495 2142 3559; x_wconf 84' lang='lat' dir='ltr'>sermonibus.Gra-</span> 
     </span>
    </p>
   </div>
   <div class='ocr_carea' id='block_1_36' title="bbox 500 3586 2143 3666">
    <p class='ocr_par' dir='ltr' id='par_1_36' title="bbox 500 3586 2143 3666">
     <span class='ocr_line' id='line_1_36' title="bbox 500 3586 2143 3666; baseline 0 -19"><span class='ocrx_word' id='word_1_258' title='bbox 500 3589 608 3648; x_wconf 76' lang='lat' dir='ltr'>tias</span> <span class='ocrx_word' id='word_1_259' title='bbox 625 3590 788 3649; x_wconf 90' lang='lat' dir='ltr'>enim</span> <span class='ocrx_word' id='word_1_260' title='bbox 812 3588 1001 3648; x_wconf 88' lang='lat' dir='ltr'>habeo</span> <span class='ocrx_word' id='word_1_261' title='bbox 1025 3586 1149 3666; x_wconf 85' lang='lat' dir='ltr'>tibi,</span> <span class='ocrx_word' id='word_1_262' title='bbox 1170 3587 1546 3664; x_wconf 90' lang='lat' dir='ltr'>inquit,Deus</span> <span class='ocrx_word' id='word_1_263' title='bbox 1573 3604 1586 3660; x_wconf 91' lang='lat'>;</span> <span class='ocrx_word' id='word_1_264' title='bbox 1620 3596 1675 3646; x_wconf 88' lang='lat' dir='ltr'>at</span> <span class='ocrx_word' id='word_1_265' title='bbox 1699 3593 1907 3646; x_wconf 73' lang='lat' dir='ltr'>caetera</span> <span class='ocrx_word' id='word_1_266' title='bbox 1929 3595 2143 3665; x_wconf 91' lang='lat' dir='ltr'>quanta</span> 
     </span>
    </p>
   </div>
   <div class='ocr_carea' id='block_1_37' title="bbox 502 3673 2140 3751">
    <p class='ocr_par' dir='ltr' id='par_1_37' title="bbox 502 3673 2140 3751">
     <span class='ocr_line' id='line_1_37' title="bbox 502 3673 2140 3751; baseline 0 -16"><span class='ocrx_word' id='word_1_267' title='bbox 502 3677 719 3737; x_wconf 85' lang='lat' dir='ltr'>referta</span> <span class='ocrx_word' id='word_1_268' title='bbox 749 3685 883 3735; x_wconf 87' lang='lat' dir='ltr'>sunt</span> <span class='ocrx_word' id='word_1_269' title='bbox 907 3674 1268 3751; x_wconf 76' lang='lat' dir='ltr'>arrogantia!</span> <span class='ocrx_word' id='word_1_270' title='bbox 1305 3674 1443 3733; x_wconf 73' lang='lat'>454</span> <span class='ocrx_word' id='word_1_271' title='bbox 1475 3673 1599 3733; x_wconf 83' lang='lat' dir='ltr'>Non</span> <span class='ocrx_word' id='word_1_272' title='bbox 1636 3674 1792 3734; x_wconf 90' lang='lat' dir='ltr'>enim</span> <span class='ocrx_word' id='word_1_273' title='bbox 1826 3673 1988 3750; x_wconf 81' lang='lat' dir='ltr'>dixit,</span> <span class='ocrx_word' id='word_1_274' title='bbox 2024 3673 2140 3735; x_wconf 89' lang='lat' dir='ltr'>Fe-</span> 
     </span>
    </p>
   </div>
   <div class='ocr_carea' id='block_1_38' title="bbox 505 3762 2141 3841">
    <p class='ocr_par' dir='ltr' id='par_1_38' title="bbox 505 3762 2141 3841">
     <span class='ocr_line' id='line_1_38' title="bbox 505 3762 2141 3841; baseline -0.001 -16"><span class='ocrx_word' id='word_1_275' title='bbox 505 3765 631 3825; x_wconf 88' lang='lat' dir='ltr'>cisti</span> <span class='ocrx_word' id='word_1_276' title='bbox 662 3783 757 3823; x_wconf 90' lang='lat' dir='ltr'>me</span> <span class='ocrx_word' id='word_1_277' title='bbox 790 3763 1087 3824; x_wconf 88' lang='lat' dir='ltr'>abstinere</span> <span class='ocrx_word' id='word_1_278' title='bbox 1118 3764 1189 3823; x_wconf 82' lang='lat' dir='ltr'>ab</span> <span class='ocrx_word' id='word_1_279' title='bbox 1226 3763 1534 3841; x_wconf 86' lang='lat' dir='ltr'>injustitia,</span> <span class='ocrx_word' id='word_1_280' title='bbox 1571 3772 1628 3823; x_wconf 89' lang='lat' dir='ltr'>et</span> <span class='ocrx_word' id='word_1_281' title='bbox 1675 3781 1707 3822; x_wconf 91' lang='lat' dir='ltr'>a</span> <span class='ocrx_word' id='word_1_282' title='bbox 1736 3762 1945 3841; x_wconf 88' lang='lat' dir='ltr'>rapina</span> <span class='ocrx_word' id='word_1_283' title='bbox 1976 3781 1990 3825; x_wconf 93' lang='lat'>:</span> <span class='ocrx_word' id='word_1_284' title='bbox 2038 3762 2141 3824; x_wconf 87' lang='lat' dir='ltr'>sed</span> 
     </span>
    </p>
   </div>
   <div class='ocr_carea' id='block_1_39' title="bbox 506 3851 2138 3932">
    <p class='ocr_par' dir='ltr' id='par_1_39' title="bbox 506 3851 2138 3932">
     <span class='ocr_line' id='line_1_39' title="bbox 506 3851 2138 3932; baseline 0.001 -21"><span class='ocrx_word' id='word_1_285' title='bbox 506 3853 834 3932; x_wconf 83' lang='lat' dir='ltr'>quomodo?</span> <span class='ocrx_word' id='word_1_286' title='bbox 857 3854 1152 3914; x_wconf 84' lang='lat' dir='ltr'>Nonsum.</span> <span class='ocrx_word' id='word_1_287' title='bbox 1177 3851 1418 3932; x_wconf 80' lang='lat' dir='ltr'>Sibiipsi</span> <span class='ocrx_word' id='word_1_288' title='bbox 1437 3851 1601 3912; x_wconf 73' lang='lat' dir='ltr'>attrit</span> <span class='ocrx_word' id='word_1_289' title='bbox 1621 3851 1704 3911; x_wconf 93' lang='lat' dir='ltr'>uit</span> <span class='ocrx_word' id='word_1_290' title='bbox 1726 3851 1943 3912; x_wconf 87' lang='lat' dir='ltr'>bouum</span> <span class='ocrx_word' id='word_1_291' title='bbox 1969 3871 2138 3932; x_wconf 91' lang='lat' dir='ltr'>opus,</span> 
     </span>
    </p>
   </div>
   <div class='ocr_carea' id='block_1_40' title="bbox 507 3940 2141 4021">
    <p class='ocr_par' dir='ltr' id='par_1_40' title="bbox 507 3940 2141 4021">
     <span class='ocr_line' id='line_1_40' title="bbox 507 3940 2141 4021; baseline 0.001 -20"><span class='ocrx_word' id='word_1_292' title='bbox 507 3948 566 4003; x_wconf 89' lang='lat' dir='ltr'>et</span> <span class='ocrx_word' id='word_1_293' title='bbox 596 3959 700 4004; x_wconf 93' lang='lat' dir='ltr'>suo</span> <span class='ocrx_word' id='word_1_294' title='bbox 731 3941 956 4003; x_wconf 88' lang='lat' dir='ltr'>robori.</span> <span class='ocrx_word' id='word_1_295' title='bbox 992 3940 1064 4001; x_wconf 91' lang='lat' dir='ltr'><strong>At</strong></span> <span class='ocrx_word' id='word_1_296' title='bbox 1095 3941 1241 4002; x_wconf 90' lang='lat' dir='ltr'>alios</span> <span class='ocrx_word' id='word_1_297' title='bbox 1279 3942 1554 4021; x_wconf 82' lang='lat' dir='ltr'>judicare</span> <span class='ocrx_word' id='word_1_298' title='bbox 1585 3941 1881 4021; x_wconf 89' lang='lat' dir='ltr'>quomodo</span> <span class='ocrx_word' id='word_1_299' title='bbox 1915 3951 2004 4003; x_wconf 91' lang='lat' dir='ltr'>est</span> <span class='ocrx_word' id='word_1_300' title='bbox 2031 3944 2141 4003; x_wconf 91' lang='lat' dir='ltr'>ho-</span> 
     </span>
    </p>
   </div>
   <div class='ocr_carea' id='block_1_41' title="bbox 508 4029 2143 4110">
    <p class='ocr_par' dir='ltr' id='par_1_41' title="bbox 508 4029 2143 4110">
     <span class='ocr_line' id='line_1_41' title="bbox 508 4029 2143 4110; baseline 0 -20"><span class='ocrx_word' id='word_1_301' title='bbox 508 4031 684 4091; x_wconf 89' lang='lat' dir='ltr'>minis</span> <span class='ocrx_word' id='word_1_302' title='bbox 706 4030 949 4091; x_wconf 91' lang='lat' dir='ltr'>scientis</span> <span class='ocrx_word' id='word_1_303' title='bbox 967 4031 1119 4110; x_wconf 88' lang='lat' dir='ltr'>quod</span> <span class='ocrx_word' id='word_1_304' title='bbox 1148 4050 1180 4090; x_wconf 92' lang='lat' dir='ltr'>a</span> <span class='ocrx_word' id='word_1_305' title='bbox 1212 4029 1333 4091; x_wconf 92' lang='lat' dir='ltr'>Deo</span> <span class='ocrx_word' id='word_1_306' title='bbox 1361 4031 1570 4093; x_wconf 90' lang='lat' dir='ltr'>habeat</span> <span class='ocrx_word' id='word_1_307' title='bbox 1593 4030 1962 4110; x_wconf 83' lang='lat' dir='ltr'>quahabet?</span> <span class='ocrx_word' id='word_1_308' title='bbox 1995 4031 2143 4094; x_wconf 90' lang='lat' dir='ltr'>Om-</span> 
     </span>
    </p>
   </div>
   <div class='ocr_carea' id='block_1_42' title="bbox 506 4119 2146 4201">
    <p class='ocr_par' dir='ltr' id='par_1_42' title="bbox 506 4119 2146 4201">
     <span class='ocr_line' id='line_1_42' title="bbox 506 4119 2146 4201; baseline -0.001 -20"><span class='ocrx_word' id='word_1_309' title='bbox 506 4122 645 4181; x_wconf 85' lang='lat' dir='ltr'>nino</span> <span class='ocrx_word' id='word_1_310' title='bbox 670 4120 826 4181; x_wconf 88' lang='lat' dir='ltr'>enim</span> <span class='ocrx_word' id='word_1_311' title='bbox 858 4122 903 4180; x_wconf 90' lang='lat' dir='ltr'>si</span> <span class='ocrx_word' id='word_1_312' title='bbox 935 4120 1289 4181; x_wconf 89' lang='lat' dir='ltr'>credidisset</span> <span class='ocrx_word' id='word_1_313' title='bbox 1314 4121 1469 4200; x_wconf 88' lang='lat' dir='ltr'>quod</span> <span class='ocrx_word' id='word_1_314' title='bbox 1494 4139 1600 4201; x_wconf 89' lang='lat' dir='ltr'>per</span> <span class='ocrx_word' id='word_1_315' title='bbox 1631 4120 1873 4198; x_wconf 81' lang='lat' dir='ltr'>gratiam</span> <span class='ocrx_word' id='word_1_316' title='bbox 1902 4119 2146 4181; x_wconf 84' lang='lat' dir='ltr'>haberet</span> 
     </span>
    </p>
   </div>
   <div class='ocr_carea' id='block_1_43' title="bbox 505 4208 2141 4289">
    <p class='ocr_par' dir='ltr' id='par_1_43' title="bbox 505 4208 2141 4289">
     <span class='ocr_line' id='line_1_43' title="bbox 505 4208 2141 4289; baseline 0 -20"><span class='ocrx_word' id='word_1_317' title='bbox 505 4210 694 4270; x_wconf 86' lang='lat' dir='ltr'>aliena</span> <span class='ocrx_word' id='word_1_318' title='bbox 727 4209 898 4289; x_wconf 83' lang='lat' dir='ltr'>bona,</span> <span class='ocrx_word' id='word_1_319' title='bbox 939 4228 1053 4270; x_wconf 88' lang='lat' dir='ltr'>non</span> <span class='ocrx_word' id='word_1_320' title='bbox 1081 4211 1534 4288; x_wconf 83' lang='lat' dir='ltr'>contempsisset</span> <span class='ocrx_word' id='word_1_321' title='bbox 1561 4209 1729 4283; x_wconf 89' lang='lat' dir='ltr'>alios,</span> <span class='ocrx_word' id='word_1_322' title='bbox 1755 4208 2141 4271; x_wconf 76' lang='lat' dir='ltr'>considerans</span> 
     </span>
    </p>
   </div>
   <div class='ocr_carea' id='block_1_44' title="bbox 1476 326 2913 404">
    <p class='ocr_par' dir='ltr' id='par_1_44' title="bbox 1476 326 2913 404">
     <span class='ocr_line' id='line_1_44' title="bbox 1476 326 2913 404; baseline 0 -4"><span class='ocrx_word' id='word_1_323' title='bbox 1476 326 2065 401; x_wconf 77' lang='lat' dir='ltr'>THEOPHYLACTI</span> <span class='ocrx_word' id='word_1_324' title='bbox 2110 331 2515 401; x_wconf 73' lang='lat' dir='ltr'>BULGARLE</span> <span class='ocrx_word' id='word_1_325' title='bbox 2558 332 2913 404; x_wconf 80' lang='lat' dir='ltr'>ARCHIEP.</span> 
     </span>
    </p>
   </div>
   <div class='ocr_carea' id='block_1_45' title="bbox 591 469 2217 552">
    <p class='ocr_par' dir='ltr' id='par_1_45' title="bbox 591 469 2217 552">
     <span class='ocr_line' id='line_1_45' title="bbox 591 469 2217 552; baseline -0.007 -16"><span class='ocrx_word' id='word_1_326' title='bbox 591 474 770 537; x_wconf 65' lang='lat' dir='ltr'>Vsus.</span> <span class='ocrx_word' id='word_1_327' title='bbox 800 476 965 537; x_wconf 70' lang='lat'>9-14.</span> <span class='ocrx_word' id='word_1_328' title='bbox 1000 500 1023 528; x_wconf 81' lang='grc' dir='ltr'>α</span> <span class='ocrx_word' id='word_1_329' title='bbox 1063 476 1216 537; x_wconf 82' lang='lat' dir='ltr'>Dixit</span> <span class='ocrx_word' id='word_1_330' title='bbox 1248 486 1446 535; x_wconf 76' lang='lat' dir='ltr'>autem</span> <span class='ocrx_word' id='word_1_331' title='bbox 1472 482 1531 533; x_wconf 91' lang='lat' dir='ltr'>et</span> <span class='ocrx_word' id='word_1_332' title='bbox 1564 472 1633 532; x_wconf 89' lang='lat' dir='ltr'>ad</span> <span class='ocrx_word' id='word_1_333' title='bbox 1670 472 1954 552; x_wconf 85' lang='lat' dir='ltr'>quosdam</span> <span class='ocrx_word' id='word_1_334' title='bbox 1981 469 2157 551; x_wconf 89' lang='lat' dir='ltr'>quiin</span> <span class='ocrx_word' id='word_1_335' title='bbox 2177 476 2217 526; x_wconf 76' lang='grc' dir='ltr'><strong>Α</strong></span> 
     </span>
    </p>
   </div>
   <div class='ocr_carea' id='block_1_46' title="bbox 2219 4212 3489 4296">
    <p class='ocr_par' dir='ltr' id='par_1_46' title="bbox 2219 4212 3489 4296">
     <span class='ocr_line' id='line_1_46' title="bbox 2219 4212 3489 4296; baseline -0.005 -22"><span class='ocrx_word' id='word_1_336' title='bbox 2219 4217 2396 4296; x_wconf 71' lang='grc' dir='ltr'>ἰσχύϊ,</span> <span class='ocrx_word' id='word_1_337' title='bbox 2457 4218 2527 4273; x_wconf 85' lang='grc' dir='ltr'>Τὸ</span> <span class='ocrx_word' id='word_1_338' title='bbox 2556 4214 2607 4271; x_wconf 79' lang='grc' dir='ltr'>δὲ</span> <span class='ocrx_word' id='word_1_339' title='bbox 2640 4216 2875 4278; x_wconf 77' lang='grc' dir='ltr'>καὶτοὺς</span> <span class='ocrx_word' id='word_1_340' title='bbox 2927 4212 3117 4278; x_wconf 81' lang='grc' dir='ltr'>ἅλλους</span> <span class='ocrx_word' id='word_1_341' title='bbox 3160 4214 3489 4292; x_wconf 74' lang='grc' dir='ltr'>κατακρίνειν</span> 
     </span>
    </p>
   </div>
   <div class='ocr_carea' id='block_1_47' title="bbox 3731 336 3882 403">
    <p class='ocr_par' dir='ltr' id='par_1_47' title="bbox 3731 336 3882 403">
     <span class='ocr_line' id='line_1_47' title="bbox 3731 336 3882 403; baseline 0 0"><span class='ocrx_word' id='word_1_342' title='bbox 3731 336 3882 403; x_wconf 76' lang='grc'>1004</span> 
     </span>
    </p>
   </div>
   <div class='ocr_carea' id='block_1_48' title="bbox 2330 475 3896 558">
    <p class='ocr_par' dir='ltr' id='par_1_48' title="bbox 2330 475 3896 558">
     <span class='ocr_line' id='line_1_48' title="bbox 2330 475 3896 558; baseline 0.004 -31"><span class='ocrx_word' id='word_1_343' title='bbox 2330 494 2351 527; x_wconf 81' lang='grc' dir='ltr'>ιι</span> <span class='ocrx_word' id='word_1_344' title='bbox 2405 476 2543 531; x_wconf 84' lang='grc' dir='ltr'>Ε’ίπε</span> <span class='ocrx_word' id='word_1_345' title='bbox 2589 476 2640 532; x_wconf 76' lang='grc' dir='ltr'>δὲ</span> <span class='ocrx_word' id='word_1_346' title='bbox 2674 480 2760 532; x_wconf 86' lang='grc' dir='ltr'>καὶ</span> <span class='ocrx_word' id='word_1_347' title='bbox 2804 477 2933 556; x_wconf 86' lang='grc' dir='ltr'>πρός</span> <span class='ocrx_word' id='word_1_348' title='bbox 2979 498 3124 541; x_wconf 90' lang='grc' dir='ltr'>τινας</span> <span class='ocrx_word' id='word_1_349' title='bbox 3156 477 3276 540; x_wconf 82' lang='grc' dir='ltr'>τοὺς</span> <span class='ocrx_word' id='word_1_350' title='bbox 3309 475 3631 541; x_wconf 80' lang='grc' dir='ltr'>πεποιθότας</span> <span class='ocrx_word' id='word_1_351' title='bbox 3658 477 3740 558; x_wconf 66' lang='grc' dir='ltr'>ἐφ’</span> <span class='ocrx_word' id='word_1_352' title='bbox 3773 480 3896 534; x_wconf 73' lang='grc' dir='ltr'>ἐαυ-</span> 
     </span>
    </p>
   </div>
   <div class='ocr_carea' id='block_1_49' title="bbox 2248 564 3895 645">
    <p class='ocr_par' dir='ltr' id='par_1_49' title="bbox 2248 564 3895 645">
     <span class='ocr_line' id='line_1_49' title="bbox 2248 564 3895 645; baseline 0.004 -30"><span class='ocrx_word' id='word_1_353' title='bbox 2248 576 2388 634; x_wconf 75' lang='grc' dir='ltr'>τοῒς,</span> <span class='ocrx_word' id='word_1_354' title='bbox 2435 564 2514 619; x_wconf 81' lang='grc' dir='ltr'>ὅτι</span> <span class='ocrx_word' id='word_1_355' title='bbox 2567 567 2660 621; x_wconf 78' lang='grc' dir='ltr'>εἶσὶ</span> <span class='ocrx_word' id='word_1_356' title='bbox 2720 565 2933 645; x_wconf 81' lang='grc' dir='ltr'>δίκαιοι,</span> <span class='ocrx_word' id='word_1_357' title='bbox 3007 567 3093 621; x_wconf 81' lang='grc' dir='ltr'>καὶ</span> <span class='ocrx_word' id='word_1_358' title='bbox 3149 565 3536 631; x_wconf 78' lang='grc' dir='ltr'>ἐξουθενοῦντας</span> <span class='ocrx_word' id='word_1_359' title='bbox 3596 568 3717 630; x_wconf 72' lang='grc' dir='ltr'>τοὺς</span> <span class='ocrx_word' id='word_1_360' title='bbox 3780 566 3895 622; x_wconf 83' lang='grc' dir='ltr'>λοι-</span> 
     </span>
    </p>
   </div>
   <div class='ocr_carea' id='block_1_50' title="bbox 2248 652 3895 733">
    <p class='ocr_par' dir='ltr' id='par_1_50' title="bbox 2248 652 3895 733">
     <span class='ocr_line' id='line_1_50' title="bbox 2248 652 3895 733; baseline 0.002 -26"><span class='ocrx_word' id='word_1_361' title='bbox 2248 653 2401 728; x_wconf 76' lang='grc' dir='ltr'>ποὺς,</span> <span class='ocrx_word' id='word_1_362' title='bbox 2434 656 2531 721; x_wconf 75' lang='grc' dir='ltr'>τὴν</span> <span class='ocrx_word' id='word_1_363' title='bbox 2563 652 2866 733; x_wconf 72' lang='grc' dir='ltr'>παραϐολὴν</span> <span class='ocrx_word' id='word_1_364' title='bbox 2908 654 3106 720; x_wconf 77' lang='grc' dir='ltr'>ταύτην</span> <span class='ocrx_word' id='word_1_365' title='bbox 3143 672 3157 685; x_wconf 82' lang='grc'><strong><em>⁸</em></strong></span> <span class='ocrx_word' id='word_1_366' title='bbox 3230 655 3540 733; x_wconf 58' lang='grc' dir='ltr'>’Ἄνθρωποι</span> <span class='ocrx_word' id='word_1_367' title='bbox 3585 654 3672 712; x_wconf 75' lang='grc' dir='ltr'>δύο</span> <span class='ocrx_word' id='word_1_368' title='bbox 3701 654 3895 722; x_wconf 75' lang='grc' dir='ltr'>ἀνέϐη-</span> 
     </span>
    </p>
   </div>
   <div class='ocr_carea' id='block_1_51' title="bbox 2248 740 3891 824">
    <p class='ocr_par' dir='ltr' id='par_1_51' title="bbox 2248 740 3891 824">
     <span class='ocr_line' id='line_1_51' title="bbox 2248 740 3891 824; baseline 0.003 -28"><span class='ocrx_word' id='word_1_369' title='bbox 2248 763 2343 797; x_wconf 83' lang='grc' dir='ltr'>σαν</span> <span class='ocrx_word' id='word_1_370' title='bbox 2402 744 2471 807; x_wconf 86' lang='grc' dir='ltr'>εἰς</span> <span class='ocrx_word' id='word_1_371' title='bbox 2532 745 2593 798; x_wconf 80' lang='grc' dir='ltr'>τὸ</span> <span class='ocrx_word' id='word_1_372' title='bbox 2649 745 2787 821; x_wconf 75' lang='grc' dir='ltr'>ἱερὸν</span> <span class='ocrx_word' id='word_1_373' title='bbox 2847 740 3221 823; x_wconf 78' lang='grc' dir='ltr'>προσεύξασθαι</span> <span class='ocrx_word' id='word_1_374' title='bbox 3255 764 3269 779; x_wconf 80' lang='grc'><strong><em>⁸</em></strong></span> <span class='ocrx_word' id='word_1_375' title='bbox 3328 748 3355 800; x_wconf 86' lang='grc' dir='ltr'><strong>ὁ</strong></span> <span class='ocrx_word' id='word_1_376' title='bbox 3414 746 3499 809; x_wconf 77' lang='grc' dir='ltr'>εἷς</span> <span class='ocrx_word' id='word_1_377' title='bbox 3576 752 3891 824; x_wconf 70' lang='grc' dir='ltr'>Φαρισαῖος,</span> 
     </span>
    </p>
   </div>
   <div class='ocr_carea' id='block_1_52' title="bbox 2246 824 3895 912">
    <p class='ocr_par' dir='ltr' id='par_1_52' title="bbox 2246 824 3895 912">
     <span class='ocr_line' id='line_1_52' title="bbox 2246 824 3895 912; baseline 0.004 -27"><span class='ocrx_word' id='word_1_378' title='bbox 2246 832 2330 885; x_wconf 85' lang='grc' dir='ltr'>καὶ</span> <span class='ocrx_word' id='word_1_379' title='bbox 2376 833 2404 886; x_wconf 81' lang='grc' dir='ltr'>ὸ</span> <span class='ocrx_word' id='word_1_380' title='bbox 2456 830 2630 905; x_wconf 80' lang='grc' dir='ltr'>ἕτερος</span> <span class='ocrx_word' id='word_1_381' title='bbox 2697 831 2957 899; x_wconf 81' lang='grc' dir='ltr'>τελώνης.</span> <span class='ocrx_word' id='word_1_382' title='bbox 3010 824 3066 889; x_wconf 42' lang='grc' dir='ltr'>(Ο</span> <span class='ocrx_word' id='word_1_383' title='bbox 3130 840 3447 911; x_wconf 70' lang='grc' dir='ltr'>Φαρισαῖος,</span> <span class='ocrx_word' id='word_1_384' title='bbox 3493 836 3693 899; x_wconf 80' lang='grc' dir='ltr'>σταθεὶς</span> <span class='ocrx_word' id='word_1_385' title='bbox 3768 836 3895 912; x_wconf 76' lang='grc' dir='ltr'>πρὸς</span> 
     </span>
    </p>
   </div>
   <div class='ocr_carea' id='block_1_53' title="bbox 2249 914 3891 1002">
    <p class='ocr_par' dir='ltr' id='par_1_53' title="bbox 2249 914 3891 1002">
     <span class='ocr_line' id='line_1_53' title="bbox 2249 914 3891 1002; baseline 0.004 -31"><span class='ocrx_word' id='word_1_386' title='bbox 2249 918 2453 999; x_wconf 77' lang='grc' dir='ltr'>ἑαυτὸν,</span> <span class='ocrx_word' id='word_1_387' title='bbox 2502 931 2663 979; x_wconf 78' lang='grc' dir='ltr'>ταῦτα</span> <span class='ocrx_word' id='word_1_388' title='bbox 2720 923 3061 1000; x_wconf 63' lang='grc' dir='ltr'>προσηύχετο</span> <span class='ocrx_word' id='word_1_389' title='bbox 3096 936 3110 950; x_wconf 80' lang='grc'>⁸</span> <span class='ocrx_word' id='word_1_390' title='bbox 3163 914 3218 977; x_wconf 63' lang='grc' dir='ltr'><strong>Ὀ</strong></span> <span class='ocrx_word' id='word_1_391' title='bbox 3265 924 3416 995; x_wconf 77' lang='grc' dir='ltr'>Θεὸς,</span> <span class='ocrx_word' id='word_1_392' title='bbox 3466 922 3768 1002; x_wconf 69' lang='grc' dir='ltr'>εὔχαριστῶ</span> <span class='ocrx_word' id='word_1_393' title='bbox 3814 947 3891 980; x_wconf 86' lang='grc' dir='ltr'>σοι</span> 
     </span>
    </p>
   </div>
   <div class='ocr_carea' id='block_1_54' title="bbox 2245 1006 3889 1090">
    <p class='ocr_par' dir='ltr' id='par_1_54' title="bbox 2245 1006 3889 1090">
     <span class='ocr_line' id='line_1_54' title="bbox 2245 1006 3889 1090; baseline 0.003 -27"><span class='ocrx_word' id='word_1_394' title='bbox 2245 1006 2328 1063; x_wconf 79' lang='grc' dir='ltr'>ὅτι</span> <span class='ocrx_word' id='word_1_395' title='bbox 2370 1009 2463 1065; x_wconf 68' lang='grc' dir='ltr'>οὐκ</span> <span class='ocrx_word' id='word_1_396' title='bbox 2500 1012 2608 1086; x_wconf 84' lang='grc' dir='ltr'>εἰμὶ</span> <span class='ocrx_word' id='word_1_397' title='bbox 2646 1011 2823 1090; x_wconf 82' lang='grc' dir='ltr'>ὥσπερ</span> <span class='ocrx_word' id='word_1_398' title='bbox 2866 1014 2913 1065; x_wconf 80' lang='grc' dir='ltr'>οἱ</span> <span class='ocrx_word' id='word_1_399' title='bbox 2956 1008 3131 1066; x_wconf 85' lang='grc' dir='ltr'>λοιποὶ</span> <span class='ocrx_word' id='word_1_400' title='bbox 3173 1014 3277 1066; x_wconf 74' lang='grc' dir='ltr'>τῶν</span> <span class='ocrx_word' id='word_1_401' title='bbox 3348 1012 3657 1089; x_wconf 78' lang='grc' dir='ltr'>ἀνθρώπων,</span> <span class='ocrx_word' id='word_1_402' title='bbox 3710 1013 3889 1090; x_wconf 71' lang='grc' dir='ltr'>ἅρπα-</span> 
     </span>
    </p>
   </div>
   <div class='ocr_carea' id='block_1_55' title="bbox 2245 1097 3892 1180">
    <p class='ocr_par' dir='ltr' id='par_1_55' title="bbox 2245 1097 3892 1180">
     <span class='ocr_line' id='line_1_55' title="bbox 2245 1097 3892 1180; baseline 0.002 -28"><span class='ocrx_word' id='word_1_403' title='bbox 2245 1120 2358 1174; x_wconf 87' lang='grc' dir='ltr'>γες,</span> <span class='ocrx_word' id='word_1_404' title='bbox 2419 1097 2609 1175; x_wconf 78' lang='grc' dir='ltr'>ἄδικοι,</span> <span class='ocrx_word' id='word_1_405' title='bbox 2658 1123 2746 1176; x_wconf 87' lang='grc' dir='ltr'>μοι</span> <span class='ocrx_word' id='word_1_406' title='bbox 2754 1102 2865 1180; x_wconf 59' lang='grc' dir='ltr'>χοὶ,</span> <span class='ocrx_word' id='word_1_407' title='bbox 2914 1099 2949 1167; x_wconf 78' lang='grc' dir='ltr'>ἢ</span> <span class='ocrx_word' id='word_1_408' title='bbox 2993 1101 3081 1155; x_wconf 83' lang='grc' dir='ltr'>καὶ</span> <span class='ocrx_word' id='word_1_409' title='bbox 3125 1101 3196 1162; x_wconf 84' lang='grc' dir='ltr'>ὡς</span> <span class='ocrx_word' id='word_1_410' title='bbox 3243 1100 3393 1163; x_wconf 78' lang='grc' dir='ltr'>οὗτος</span> <span class='ocrx_word' id='word_1_411' title='bbox 3426 1104 3453 1157; x_wconf 77' lang='grc' dir='ltr'><strong>ὁ</strong></span> <span class='ocrx_word' id='word_1_412' title='bbox 3504 1099 3766 1168; x_wconf 83' lang='grc' dir='ltr'>τελώνης·</span> <span class='ocrx_word' id='word_1_413' title='bbox 3802 1125 3892 1168; x_wconf 84' lang='grc' dir='ltr'>νη-</span> 
     </span>
    </p>
   </div>
   <div class='ocr_carea' id='block_1_56' title="bbox 2245 1186 3888 1261">
    <p class='ocr_par' dir='ltr' id='par_1_56' title="bbox 2245 1186 3888 1261">
     <span class='ocr_line' id='line_1_56' title="bbox 2245 1186 3888 1261; baseline 0.002 -18"><span class='ocrx_word' id='word_1_414' title='bbox 2245 1188 2411 1244; x_wconf 78' lang='grc' dir='ltr'>στεύω</span> <span class='ocrx_word' id='word_1_415' title='bbox 2454 1187 2527 1253; x_wconf 81' lang='grc' dir='ltr'>δὶς</span> <span class='ocrx_word' id='word_1_416' title='bbox 2570 1196 2660 1245; x_wconf 68' lang='grc' dir='ltr'>τοῦ</span> <span class='ocrx_word' id='word_1_417' title='bbox 2705 1186 3000 1261; x_wconf 74' lang='grc' dir='ltr'>Σαϐϐάτου,</span> <span class='ocrx_word' id='word_1_418' title='bbox 3033 1186 3340 1244; x_wconf 76' lang='grc' dir='ltr'>ἀποδεκατῶ</span> <span class='ocrx_word' id='word_1_419' title='bbox 3371 1189 3539 1245; x_wconf 83' lang='grc' dir='ltr'>πάντα</span> <span class='ocrx_word' id='word_1_420' title='bbox 3589 1190 3685 1245; x_wconf 83' lang='grc' dir='ltr'>ὅσα</span> <span class='ocrx_word' id='word_1_421' title='bbox 3742 1194 3888 1246; x_wconf 80' lang='grc' dir='ltr'>κτῶ-</span> 
     </span>
    </p>
   </div>
   <div class='ocr_carea' id='block_1_57' title="bbox 2244 1277 3889 1353">
    <p class='ocr_par' dir='ltr' id='par_1_57' title="bbox 2244 1277 3889 1353">
     <span class='ocr_line' id='line_1_57' title="bbox 2446 1277 3885 1311; baseline 0.002 -14"><span class='ocrx_word' id='word_1_422' title='bbox 2446 1288 2462 1305; x_wconf 65' lang='lat'><strong><em>,</em></strong></span> <span class='ocrx_word' id='word_1_423' title='bbox 2507 1280 2520 1298; x_wconf 59' lang='grc' dir='ltr'><em>κ</em></span> <span class='ocrx_word' id='word_1_424' title='bbox 2617 1302 2641 1310; x_wconf 86' lang='lat'>_</span> <span class='ocrx_word' id='word_1_425' title='bbox 2730 1279 2740 1298; x_wconf 72' lang='grc' dir='ltr'><em>ο</em></span> <span class='ocrx_word' id='word_1_426' title='bbox 2999 1302 3010 1311; x_wconf 44' lang='grc'>,</span> <span class='ocrx_word' id='word_1_427' title='bbox 3081 1277 3092 1298; x_wconf 77' lang='grc' dir='ltr'>ι</span> <span class='ocrx_word' id='word_1_428' title='bbox 3129 1300 3143 1309; x_wconf 81' lang='lat'>_</span> <span class='ocrx_word' id='word_1_429' title='bbox 3214 1279 3227 1297; x_wconf 73' lang='grc' dir='ltr'>ι</span> <span class='ocrx_word' id='word_1_430' title='bbox 3316 1279 3329 1299; x_wconf 57' lang='grc' dir='ltr'><strong>π</strong></span> <span class='ocrx_word' id='word_1_431' title='bbox 3470 1280 3484 1299; x_wconf 71' lang='grc' dir='ltr'>ν</span> <span class='ocrx_word' id='word_1_432' title='bbox 3562 1277 3586 1299; x_wconf 69' lang='grc' dir='ltr'><em>η</em></span> <span class='ocrx_word' id='word_1_433' title='bbox 3810 1279 3885 1311; x_wconf 61' lang='lat' dir='ltr'>an;</span> 
     </span>
     <span class='ocr_line' id='line_1_58' title="bbox 2244 1277 3889 1353; baseline 0.001 -21"><span class='ocrx_word' id='word_1_434' title='bbox 2244 1300 2362 1351; x_wconf 89' lang='grc' dir='ltr'>μαι,</span> <span class='ocrx_word' id='word_1_435' title='bbox 2426 1289 2524 1334; x_wconf 69' lang='lat' dir='ltr'>hau.</span> <span class='ocrx_word' id='word_1_436' title='bbox 2558 1281 2584 1334; x_wconf 84' lang='grc' dir='ltr'>ὁ</span> <span class='ocrx_word' id='word_1_437' title='bbox 2628 1277 2873 1349; x_wconf 64' lang='grc' dir='ltr'>»ελωνης,</span> <span class='ocrx_word' id='word_1_438' title='bbox 2920 1280 3179 1353; x_wconf 69' lang='grc' dir='ltr'>μακροθςν</span> <span class='ocrx_word' id='word_1_439' title='bbox 3211 1300 3401 1351; x_wconf 73' lang='grc' dir='ltr'>εστως,</span> <span class='ocrx_word' id='word_1_440' title='bbox 3436 1300 3529 1335; x_wconf 76' lang='grc' dir='ltr'>ουκ</span> <span class='ocrx_word' id='word_1_441' title='bbox 3559 1278 3740 1345; x_wconf 81' lang='grc' dir='ltr'>ηθελεν</span> <span class='ocrx_word' id='word_1_442' title='bbox 3773 1298 3889 1334; x_wconf 69' lang='grc' dir='ltr'>ουοε</span> 
     </span>
    </p>
   </div>
   <div class='ocr_carea' id='block_1_58' title="bbox 2242 1366 3889 1446">
    <p class='ocr_par' dir='ltr' id='par_1_58' title="bbox 2242 1366 3889 1446">
     <span class='ocr_line' id='line_1_59' title="bbox 2242 1366 3889 1446; baseline 0.001 -25"><span class='ocrx_word' id='word_1_443' title='bbox 2242 1366 2359 1431; x_wconf 82' lang='grc' dir='ltr'>τοὺς</span> <span class='ocrx_word' id='word_1_444' title='bbox 2388 1366 2684 1446; x_wconf 75' lang='grc' dir='ltr'>ὀφθαλμοὺς</span> <span class='ocrx_word' id='word_1_445' title='bbox 2741 1368 2813 1429; x_wconf 89' lang='grc' dir='ltr'>εἰς</span> <span class='ocrx_word' id='word_1_446' title='bbox 2864 1369 2953 1422; x_wconf 81' lang='grc' dir='ltr'>τὸν</span> <span class='ocrx_word' id='word_1_447' title='bbox 3009 1366 3224 1445; x_wconf 67' lang='grc' dir='ltr'>οὐρανὸν</span> <span class='ocrx_word' id='word_1_448' title='bbox 3275 1368 3488 1444; x_wconf 69' lang='grc' dir='ltr'>ἐπᾶραι,</span> <span class='ocrx_word' id='word_1_449' title='bbox 3523 1366 3640 1423; x_wconf 78' lang='grc' dir='ltr'>ἀλλ’</span> <span class='ocrx_word' id='word_1_450' title='bbox 3671 1366 3889 1427; x_wconf 77' lang='grc' dir='ltr'>ἔτυπτεν</span> 
     </span>
    </p>
   </div>
   <div class='ocr_carea' id='block_1_59' title="bbox 2246 1447 3886 1532">
    <p class='ocr_par' dir='ltr' id='par_1_59' title="bbox 2246 1447 3886 1532">
     <span class='ocr_line' id='line_1_60' title="bbox 2246 1447 3886 1532; baseline 0.001 -23"><span class='ocrx_word' id='word_1_451' title='bbox 2246 1456 2318 1518; x_wconf 86' lang='grc' dir='ltr'>εἰς</span> <span class='ocrx_word' id='word_1_452' title='bbox 2357 1457 2417 1511; x_wconf 77' lang='grc' dir='ltr'>τὸ</span> <span class='ocrx_word' id='word_1_453' title='bbox 2460 1460 2652 1522; x_wconf 75' lang='grc' dir='ltr'>στῆθος</span> <span class='ocrx_word' id='word_1_454' title='bbox 2698 1458 2873 1528; x_wconf 64' lang='grc' dir='ltr'>αὐτοῦ,</span> <span class='ocrx_word' id='word_1_455' title='bbox 2921 1454 3091 1532; x_wconf 87' lang='grc' dir='ltr'>λέγων</span> <span class='ocrx_word' id='word_1_456' title='bbox 3127 1471 3139 1485; x_wconf 88' lang='grc'><em>’</em></span> <span class='ocrx_word' id='word_1_457' title='bbox 3207 1447 3263 1512; x_wconf 64' lang='grc' dir='ltr'><strong>Ὀ</strong></span> <span class='ocrx_word' id='word_1_458' title='bbox 3325 1458 3454 1520; x_wconf 84' lang='grc' dir='ltr'>Θεὸς</span> <span class='ocrx_word' id='word_1_459' title='bbox 3512 1455 3753 1523; x_wconf 76' lang='grc' dir='ltr'>ἱλάσθητί</span> <span class='ocrx_word' id='word_1_460' title='bbox 3798 1480 3886 1530; x_wconf 84' lang='grc' dir='ltr'>μοι</span> 
     </span>
    </p>
   </div>
   <div class='ocr_carea' id='block_1_60' title="bbox 2243 1533 3887 1623">
    <p class='ocr_par' dir='ltr' id='par_1_60' title="bbox 2243 1533 3887 1623">
     <span class='ocr_line' id='line_1_61' title="bbox 2243 1533 3887 1623; baseline 0.001 -24"><span class='ocrx_word' id='word_1_461' title='bbox 2243 1545 2318 1618; x_wconf 79' lang='grc' dir='ltr'>τῷ</span> <span class='ocrx_word' id='word_1_462' title='bbox 2360 1547 2680 1623; x_wconf 68' lang='grc' dir='ltr'>ἁμαρτωλῷ.</span> <span class='ocrx_word' id='word_1_463' title='bbox 2740 1544 2893 1621; x_wconf 83' lang='grc' dir='ltr'>Λέγω</span> <span class='ocrx_word' id='word_1_464' title='bbox 2938 1545 3090 1618; x_wconf 71' lang='grc' dir='ltr'>ὑμῖν,</span> <span class='ocrx_word' id='word_1_465' title='bbox 3149 1540 3347 1609; x_wconf 80' lang='grc' dir='ltr'>κατέϐη</span> <span class='ocrx_word' id='word_1_466' title='bbox 3398 1546 3551 1607; x_wconf 74' lang='grc' dir='ltr'>οὗτος</span> <span class='ocrx_word' id='word_1_467' title='bbox 3588 1533 3887 1601; x_wconf 29' lang='grc' dir='ltr'>’δεδικαιω-</span> 
     </span>
    </p>
   </div>
   <div class='ocr_carea' id='block_1_61' title="bbox 2242 1631 3885 1711">
    <p class='ocr_par' dir='ltr' id='par_1_61' title="bbox 2242 1631 3885 1711">
     <span class='ocr_line' id='line_1_62' title="bbox 2242 1631 3885 1711; baseline 0 -23"><span class='ocrx_word' id='word_1_468' title='bbox 2242 1633 2396 1707; x_wconf 86' lang='grc' dir='ltr'>μένος</span> <span class='ocrx_word' id='word_1_469' title='bbox 2454 1635 2525 1696; x_wconf 84' lang='grc' dir='ltr'>εἷς</span> <span class='ocrx_word' id='word_1_470' title='bbox 2578 1635 2668 1689; x_wconf 83' lang='grc' dir='ltr'>τὸν</span> <span class='ocrx_word' id='word_1_471' title='bbox 2700 1636 2850 1689; x_wconf 81' lang='grc' dir='ltr'>οἶκον</span> <span class='ocrx_word' id='word_1_472' title='bbox 2883 1634 3059 1706; x_wconf 69' lang='grc' dir='ltr'>αὖτοῦ,</span> <span class='ocrx_word' id='word_1_473' title='bbox 3094 1631 3127 1697; x_wconf 71' lang='grc' dir='ltr'><strong>ἢ</strong></span> <span class='ocrx_word' id='word_1_474' title='bbox 3172 1632 3400 1711; x_wconf 80' lang='grc' dir='ltr'>ἐκεῖνος,</span> <span class='ocrx_word' id='word_1_475' title='bbox 3436 1632 3515 1688; x_wconf 80' lang='grc' dir='ltr'>ὅτι</span> <span class='ocrx_word' id='word_1_476' title='bbox 3547 1640 3651 1697; x_wconf 82' lang='grc' dir='ltr'>πᾶς</span> <span class='ocrx_word' id='word_1_477' title='bbox 3681 1636 3707 1689; x_wconf 77' lang='grc' dir='ltr'>ὖ</span> <span class='ocrx_word' id='word_1_478' title='bbox 3736 1636 3885 1709; x_wconf 75' lang='grc' dir='ltr'>ὑψῶν</span> 
     </span>
    </p>
   </div>
   <div class='ocr_carea' id='block_1_62' title="bbox 2242 1719 3884 1801">
    <p class='ocr_par' dir='ltr' id='par_1_62' title="bbox 2242 1719 3884 1801">
     <span class='ocr_line' id='line_1_63' title="bbox 2242 1719 3884 1801; baseline 0 -24"><span class='ocrx_word' id='word_1_479' title='bbox 2242 1723 2446 1798; x_wconf 65' lang='grc' dir='ltr'>ἑαδτὸν,</span> <span class='ocrx_word' id='word_1_480' title='bbox 2492 1723 2967 1795; x_wconf 73' lang='grc' dir='ltr'>ταπεινωθήσεται,</span> <span class='ocrx_word' id='word_1_481' title='bbox 3012 1723 3038 1777; x_wconf 73' lang='grc' dir='ltr'>ὸ</span> <span class='ocrx_word' id='word_1_482' title='bbox 3095 1719 3148 1776; x_wconf 77' lang='grc' dir='ltr'>δὲ</span> <span class='ocrx_word' id='word_1_483' title='bbox 3202 1727 3464 1777; x_wconf 81' lang='grc' dir='ltr'>ταπεινῶν</span> <span class='ocrx_word' id='word_1_484' title='bbox 3494 1722 3697 1801; x_wconf 78' lang='grc' dir='ltr'>ἑαυτὸν,</span> <span class='ocrx_word' id='word_1_485' title='bbox 3731 1724 3884 1797; x_wconf 79' lang='grc' dir='ltr'>ὑψωο</span> 
     </span>
    </p>
   </div>
   <div class='ocr_carea' id='block_1_63' title="bbox 2237 1810 3882 1890">
    <p class='ocr_par' dir='ltr' id='par_1_63' title="bbox 2237 1810 3882 1890">
     <span class='ocr_line' id='line_1_64' title="bbox 2237 1810 3882 1890; baseline 0 -23"><span class='ocrx_word' id='word_1_486' title='bbox 2237 1813 2474 1880; x_wconf 69' lang='grc' dir='ltr'>θήσεται.</span> <span class='ocrx_word' id='word_1_487' title='bbox 2537 1835 2558 1868; x_wconf 72' lang='grc' dir='ltr'>ο</span> <span class='ocrx_word' id='word_1_488' title='bbox 2614 1812 2686 1869; x_wconf 75' lang='grc' dir='ltr'><strong>Οὖ</strong></span> <span class='ocrx_word' id='word_1_489' title='bbox 2742 1812 3024 1867; x_wconf 86' lang='grc' dir='ltr'>παύεταιὸ</span> <span class='ocrx_word' id='word_1_490' title='bbox 3084 1810 3267 1887; x_wconf 82' lang='grc' dir='ltr'>Κύριος</span> <span class='ocrx_word' id='word_1_491' title='bbox 3330 1812 3391 1865; x_wconf 86' lang='grc' dir='ltr'>τὸ</span> <span class='ocrx_word' id='word_1_492' title='bbox 3447 1815 3543 1877; x_wconf 77' lang='grc' dir='ltr'>τῆς</span> <span class='ocrx_word' id='word_1_493' title='bbox 3601 1813 3882 1890; x_wconf 80' lang='grc' dir='ltr'>ὑπερηφα-</span> 
     </span>
    </p>
   </div>
   <div class='ocr_carea' id='block_1_64' title="bbox 2240 1897 3884 1980">
    <p class='ocr_par' dir='ltr' id='par_1_64' title="bbox 2240 1897 3884 1980">
     <span class='ocr_line' id='line_1_65' title="bbox 2240 1897 3884 1980; baseline 0.001 -25"><span class='ocrx_word' id='word_1_494' title='bbox 2240 1902 2349 1964; x_wconf 88' lang='grc' dir='ltr'>νίας</span> <span class='ocrx_word' id='word_1_495' title='bbox 2405 1901 2567 1963; x_wconf 69' lang='grc' dir='ltr'>πάθος</span> <span class='ocrx_word' id='word_1_496' title='bbox 2614 1899 2934 1977; x_wconf 73' lang='grc' dir='ltr'>ἐκκαθαίρων</span> <span class='ocrx_word' id='word_1_497' title='bbox 2992 1897 3076 1955; x_wconf 75' lang='grc' dir='ltr'>διὰ</span> <span class='ocrx_word' id='word_1_498' title='bbox 3154 1898 3439 1961; x_wconf 83' lang='grc' dir='ltr'>πλειόνων,</span> <span class='ocrx_word' id='word_1_499' title='bbox 3499 1898 3710 1968; x_wconf 72' lang='grc' dir='ltr'>Ἐπειδὴ</span> <span class='ocrx_word' id='word_1_500' title='bbox 3783 1902 3884 1980; x_wconf 72' lang='grc' dir='ltr'>γὰρ</span> 
     </span>
    </p>
   </div>
   <div class='ocr_carea' id='block_1_65' title="bbox 2239 1986 3881 2066">
    <p class='ocr_par' dir='ltr' id='par_1_65' title="bbox 2239 1986 3881 2066">
     <span class='ocr_line' id='line_1_66' title="bbox 2239 1986 3881 2066; baseline 0.001 -22"><span class='ocrx_word' id='word_1_501' title='bbox 2239 1989 2398 2045; x_wconf 83' lang='grc' dir='ltr'>πλέον</span> <span class='ocrx_word' id='word_1_502' title='bbox 2454 1990 2557 2046; x_wconf 79' lang='grc' dir='ltr'>τῶν</span> <span class='ocrx_word' id='word_1_503' title='bbox 2615 1987 2790 2045; x_wconf 71' lang='grc' dir='ltr'>ἄλλων</span> <span class='ocrx_word' id='word_1_504' title='bbox 2847 1993 3027 2045; x_wconf 74' lang='grc' dir='ltr'>παθῶν</span> <span class='ocrx_word' id='word_1_505' title='bbox 3087 1986 3308 2066; x_wconf 79' lang='grc' dir='ltr'>ἐνοχλεῖ</span> <span class='ocrx_word' id='word_1_506' title='bbox 3356 2001 3476 2051; x_wconf 79' lang='grc' dir='ltr'>ταῖς</span> <span class='ocrx_word' id='word_1_507' title='bbox 3533 1989 3881 2065; x_wconf 79' lang='grc' dir='ltr'>ἀνθρωπίναις</span> 
     </span>
    </p>
   </div>
   <div class='ocr_carea' id='block_1_66' title="bbox 2238 2075 3878 2157">
    <p class='ocr_par' dir='ltr' id='par_1_66' title="bbox 2238 2075 3878 2157">
     <span class='ocr_line' id='line_1_67' title="bbox 2238 2075 3878 2157; baseline 0.001 -24"><span class='ocrx_word' id='word_1_508' title='bbox 2238 2080 2493 2157; x_wconf 79' lang='grc' dir='ltr'>γνώμαις,</span> <span class='ocrx_word' id='word_1_509' title='bbox 2555 2078 2639 2134; x_wconf 78' lang='grc' dir='ltr'>διὰ</span> <span class='ocrx_word' id='word_1_510' title='bbox 2680 2086 2833 2135; x_wconf 78' lang='grc' dir='ltr'>τοῦτο</span> <span class='ocrx_word' id='word_1_511' title='bbox 2876 2076 3156 2157; x_wconf 83' lang='grc' dir='ltr'>πολλαχοῦ</span> <span class='ocrx_word' id='word_1_512' title='bbox 3185 2077 3275 2133; x_wconf 82' lang='grc' dir='ltr'>καὶ</span> <span class='ocrx_word' id='word_1_513' title='bbox 3303 2075 3559 2141; x_wconf 76' lang='grc' dir='ltr'>πολλάκις</span> <span class='ocrx_word' id='word_1_514' title='bbox 3591 2080 3707 2157; x_wconf 88' lang='grc' dir='ltr'>περὶ</span> <span class='ocrx_word' id='word_1_515' title='bbox 3750 2079 3878 2134; x_wconf 81' lang='grc' dir='ltr'>τού-</span> 
     </span>
    </p>
   </div>
   <div class='ocr_carea' id='block_1_67' title="bbox 2238 2164 3879 2244">
    <p class='ocr_par' dir='ltr' id='par_1_67' title="bbox 2238 2164 3879 2244">
     <span class='ocr_line' id='line_1_68' title="bbox 2238 2164 3879 2244; baseline 0.001 -22"><span class='ocrx_word' id='word_1_516' title='bbox 2238 2189 2329 2226; x_wconf 75' lang='grc' dir='ltr'>του</span> <span class='ocrx_word' id='word_1_517' title='bbox 2385 2166 2636 2229; x_wconf 78' lang='grc' dir='ltr'>διδάσκει,</span> <span class='ocrx_word' id='word_1_518' title='bbox 2686 2166 2900 2242; x_wconf 82' lang='grc' dir='ltr'>Ἀμέλει</span> <span class='ocrx_word' id='word_1_519' title='bbox 2943 2168 3031 2223; x_wconf 81' lang='grc' dir='ltr'>καὶ</span> <span class='ocrx_word' id='word_1_520' title='bbox 3062 2173 3147 2222; x_wconf 78' lang='grc' dir='ltr'>νῦν</span> <span class='ocrx_word' id='word_1_521' title='bbox 3191 2166 3251 2221; x_wconf 81' lang='grc' dir='ltr'>τὸ</span> <span class='ocrx_word' id='word_1_522' title='bbox 3292 2180 3481 2244; x_wconf 80' lang='grc' dir='ltr'>χεῖρον</span> <span class='ocrx_word' id='word_1_523' title='bbox 3512 2164 3654 2232; x_wconf 74' lang='grc' dir='ltr'>εἶδος</span> <span class='ocrx_word' id='word_1_524' title='bbox 3681 2169 3879 2235; x_wconf 65' lang='grc' dir='ltr'>ταύτης</span> 
     </span>
    </p>
   </div>
   <div class='ocr_carea' id='block_1_68' title="bbox 2239 2254 3878 2335">
    <p class='ocr_par' dir='ltr' id='par_1_68' title="bbox 2239 2254 3878 2335">
     <span class='ocr_line' id='line_1_69' title="bbox 2239 2254 3878 2335; baseline 0.001 -23"><span class='ocrx_word' id='word_1_525' title='bbox 2239 2256 2555 2335; x_wconf 75' lang='grc' dir='ltr'>ἐκκαθαίρει.</span> <span class='ocrx_word' id='word_1_526' title='bbox 2613 2256 2791 2313; x_wconf 83' lang='grc' dir='ltr'>Πολλὰ</span> <span class='ocrx_word' id='word_1_527' title='bbox 2849 2257 2948 2333; x_wconf 81' lang='grc' dir='ltr'>γὰρ</span> <span class='ocrx_word' id='word_1_528' title='bbox 3003 2255 3066 2310; x_wconf 80' lang='grc' dir='ltr'>τὰ</span> <span class='ocrx_word' id='word_1_529' title='bbox 3124 2261 3222 2321; x_wconf 83' lang='grc' dir='ltr'>τῆς</span> <span class='ocrx_word' id='word_1_530' title='bbox 3300 2254 3571 2335; x_wconf 69' lang='grc' dir='ltr'>φιλαυτίας</span> <span class='ocrx_word' id='word_1_531' title='bbox 3634 2255 3878 2332; x_wconf 79' lang='grc' dir='ltr'>βλαστή-</span> 
     </span>
    </p>
   </div>
   <div class='ocr_carea' id='block_1_69' title="bbox 2237 2344 3878 2426">
    <p class='ocr_par' dir='ltr' id='par_1_69' title="bbox 2237 2344 3878 2426">
     <span class='ocr_line' id='line_1_70' title="bbox 2237 2344 3878 2426; baseline -0.001 -24"><span class='ocrx_word' id='word_1_532' title='bbox 2237 2370 2402 2422; x_wconf 82' lang='grc' dir='ltr'>ματα,</span> <span class='ocrx_word' id='word_1_533' title='bbox 2453 2350 2549 2405; x_wconf 80' lang='grc' dir='ltr'>Καὶ</span> <span class='ocrx_word' id='word_1_534' title='bbox 2592 2348 2692 2426; x_wconf 81' lang='grc' dir='ltr'>γὰρ</span> <span class='ocrx_word' id='word_1_535' title='bbox 2734 2348 2820 2402; x_wconf 86' lang='grc' dir='ltr'>καὶ</span> <span class='ocrx_word' id='word_1_536' title='bbox 2864 2344 3064 2415; x_wconf 75' lang='grc' dir='ltr'>οἴησις,</span> <span class='ocrx_word' id='word_1_537' title='bbox 3112 2347 3198 2400; x_wconf 78' lang='grc' dir='ltr'>καὶ</span> <span class='ocrx_word' id='word_1_538' title='bbox 3252 2344 3561 2421; x_wconf 84' lang='grc' dir='ltr'>ἆλαζωνεία,</span> <span class='ocrx_word' id='word_1_539' title='bbox 3594 2349 3681 2402; x_wconf 81' lang='grc' dir='ltr'>καὶ</span> <span class='ocrx_word' id='word_1_540' title='bbox 3723 2369 3878 2403; x_wconf 82' lang='grc' dir='ltr'>κενο-</span> 
     </span>
    </p>
   </div>
   <div class='ocr_carea' id='block_1_70' title="bbox 2236 2432 3879 2513">
    <p class='ocr_par' dir='ltr' id='par_1_70' title="bbox 2236 2432 3879 2513">
     <span class='ocr_line' id='line_1_71' title="bbox 2236 2432 3879 2513; baseline 0.001 -22"><span class='ocrx_word' id='word_1_541' title='bbox 2236 2435 2373 2502; x_wconf 79' lang='grc' dir='ltr'>δοξία</span> <span class='ocrx_word' id='word_1_542' title='bbox 2432 2437 2491 2493; x_wconf 89' lang='grc' dir='ltr'>ἐκ</span> <span class='ocrx_word' id='word_1_543' title='bbox 2545 2437 2739 2501; x_wconf 81' lang='grc' dir='ltr'>ταύτης</span> <span class='ocrx_word' id='word_1_544' title='bbox 2810 2436 3046 2513; x_wconf 72' lang='grc' dir='ltr'>φύονται,</span> <span class='ocrx_word' id='word_1_545' title='bbox 3108 2432 3508 2513; x_wconf 85' lang='grc' dir='ltr'>Ὀλετριώτερον</span> <span class='ocrx_word' id='word_1_546' title='bbox 3566 2433 3619 2489; x_wconf 77' lang='grc' dir='ltr'><em>δὲ</em></span> <span class='ocrx_word' id='word_1_547' title='bbox 3664 2439 3879 2492; x_wconf 85' lang='grc' dir='ltr'>πάντων</span> 
     </span>
    </p>
   </div>
   <div class='ocr_carea' id='block_1_71' title="bbox 2235 2520 3876 2604">
    <p class='ocr_par' dir='ltr' id='par_1_71' title="bbox 2235 2520 3876 2604">
     <span class='ocr_line' id='line_1_72' title="bbox 2235 2520 3876 2604; baseline 0.001 -24"><span class='ocrx_word' id='word_1_548' title='bbox 2235 2528 2279 2604; x_wconf 68' lang='grc' dir='ltr'>ἡ⁸</span> <span class='ocrx_word' id='word_1_549' title='bbox 2329 2525 2675 2604; x_wconf 77' lang='grc' dir='ltr'>ὑπερηφανία,</span> <span class='ocrx_word' id='word_1_550' title='bbox 2734 2524 3061 2602; x_wconf 73' lang='grc' dir='ltr'>ὑπερηφανία</span> <span class='ocrx_word' id='word_1_551' title='bbox 3133 2520 3187 2577; x_wconf 75' lang='grc' dir='ltr'>δὲ</span> <span class='ocrx_word' id='word_1_552' title='bbox 3224 2522 3365 2578; x_wconf 85' lang='grc' dir='ltr'>ἐστιν</span> <span class='ocrx_word' id='word_1_553' title='bbox 3420 2522 3662 2589; x_wconf 70' lang='grc' dir='ltr'>ἀθέτησις</span> <span class='ocrx_word' id='word_1_554' title='bbox 3722 2532 3876 2587; x_wconf 80' lang='grc' dir='ltr'>Θεοῦ.</span> 
     </span>
    </p>
   </div>
   <div class='ocr_carea' id='block_1_72' title="bbox 2239 2599 3873 2692">
    <p class='ocr_par' dir='ltr' id='par_1_72' title="bbox 2239 2599 3873 2692">
     <span class='ocr_line' id='line_1_73' title="bbox 2239 2599 3873 2692; baseline -0.002 -21"><span class='ocrx_word' id='word_1_555' title='bbox 2239 2599 2556 2692; x_wconf 40' lang='grc' dir='ltr'>’.Οταν-γάρ</span> <span class='ocrx_word' id='word_1_556' title='bbox 2596 2636 2677 2677; x_wconf 87' lang='grc' dir='ltr'>τις</span> <span class='ocrx_word' id='word_1_557' title='bbox 2722 2617 2780 2671; x_wconf 78' lang='grc' dir='ltr'>οὒ</span> <span class='ocrx_word' id='word_1_558' title='bbox 2823 2599 3081 2685; x_wconf 30' lang='grc' dir='ltr'>’τῷ-Θεῷ,</span> <span class='ocrx_word' id='word_1_559' title='bbox 3128 2610 3245 2667; x_wconf 86' lang='grc' dir='ltr'>ἀλλ’</span> <span class='ocrx_word' id='word_1_560' title='bbox 3294 2613 3461 2685; x_wconf 82' lang='grc' dir='ltr'>ἐαυτῷ</span> <span class='ocrx_word' id='word_1_561' title='bbox 3521 2612 3873 2692; x_wconf 76' lang='grc' dir='ltr'>ἐπιγράφηται</span> 
     </span>
    </p>
   </div>
   <div class='ocr_carea' id='block_1_73' title="bbox 2234 2699 3869 2783">
    <p class='ocr_par' dir='ltr' id='par_1_73' title="bbox 2234 2699 3869 2783">
     <span class='ocr_line' id='line_1_74' title="bbox 2234 2699 3869 2783; baseline -0.001 -24"><span class='ocrx_word' id='word_1_562' title='bbox 2234 2706 2295 2759; x_wconf 81' lang='grc' dir='ltr'>τὸ</span> <span class='ocrx_word' id='word_1_563' title='bbox 2337 2704 2742 2783; x_wconf 76' lang='grc' dir='ltr'>κατορθώματα,</span> <span class='ocrx_word' id='word_1_564' title='bbox 2786 2703 2835 2757; x_wconf 89' lang='grc' dir='ltr'>τί</span> <span class='ocrx_word' id='word_1_565' title='bbox 2884 2699 3038 2778; x_wconf 75' lang='grc' dir='ltr'>ἄλλο,</span> <span class='ocrx_word' id='word_1_566' title='bbox 3089 2700 3125 2768; x_wconf 73' lang='grc' dir='ltr'><strong>ἢ</strong></span> <span class='ocrx_word' id='word_1_567' title='bbox 3171 2700 3385 2778; x_wconf 72' lang='grc' dir='ltr'>ἄρνησις</span> <span class='ocrx_word' id='word_1_568' title='bbox 3446 2708 3574 2759; x_wconf 66' lang='grc' dir='ltr'>ἕεοῦ</span> <span class='ocrx_word' id='word_1_569' title='bbox 3620 2705 3728 2757; x_wconf 69' lang='grc' dir='ltr'>ἐστι</span> <span class='ocrx_word' id='word_1_570' title='bbox 3786 2706 3869 2757; x_wconf 82' lang='grc' dir='ltr'>καὶ</span> 
     </span>
    </p>
   </div>
   <div class='ocr_carea' id='block_1_74' title="bbox 2229 2789 3865 2865">
    <p class='ocr_par' dir='ltr' id='par_1_74' title="bbox 2229 2789 3865 2865">
     <span class='ocr_line' id='line_1_75' title="bbox 2229 2789 3865 2865; baseline -0.001 -17"><span class='ocrx_word' id='word_1_571' title='bbox 2229 2794 2483 2853; x_wconf 80' lang='grc' dir='ltr'>ἀντιθεία.</span> <span class='ocrx_word' id='word_1_572' title='bbox 2538 2792 2700 2850; x_wconf 77' lang='grc' dir='ltr'>Τοῦτο</span> <span class='ocrx_word' id='word_1_573' title='bbox 2752 2794 2840 2847; x_wconf 76' lang='grc' dir='ltr'>οὖν</span> <span class='ocrx_word' id='word_1_574' title='bbox 2883 2792 2943 2846; x_wconf 83' lang='grc' dir='ltr'>τὸ</span> <span class='ocrx_word' id='word_1_575' title='bbox 3000 2791 3161 2853; x_wconf 88' lang='grc' dir='ltr'>πάθος</span> <span class='ocrx_word' id='word_1_576' title='bbox 3215 2789 3275 2845; x_wconf 79' lang='grc' dir='ltr'>τὸ</span> <span class='ocrx_word' id='word_1_577' title='bbox 3332 2789 3584 2865; x_wconf 79' lang='grc' dir='ltr'>ἀντίθεον,</span> <span class='ocrx_word' id='word_1_578' title='bbox 3630 2794 3730 2860; x_wconf 82' lang='grc' dir='ltr'><strong>ᾦὸ</strong></span> <span class='ocrx_word' id='word_1_579' title='bbox 3763 2792 3865 2848; x_wconf 75' lang='grc' dir='ltr'>Κύ-</span> 
     </span>
    </p>
   </div>
   <div class='ocr_carea' id='block_1_75' title="bbox 2229 2876 3863 2961">
    <p class='ocr_par' dir='ltr' id='par_1_75' title="bbox 2229 2876 3863 2961">
     <span class='ocr_line' id='line_1_76' title="bbox 2229 2876 3863 2961; baseline -0.001 -24"><span class='ocrx_word' id='word_1_580' title='bbox 2229 2906 2339 2961; x_wconf 90' lang='grc' dir='ltr'>ριος</span> <span class='ocrx_word' id='word_1_581' title='bbox 2398 2883 2791 2961; x_wconf 65' lang='grc' dir='ltr'>ἀντιτάσσεται,</span> <span class='ocrx_word' id='word_1_582' title='bbox 2843 2883 2915 2944; x_wconf 84' lang='grc' dir='ltr'>ὡς</span> <span class='ocrx_word' id='word_1_583' title='bbox 2961 2878 3147 2959; x_wconf 61' lang='grc' dir='ltr'>ἐχθρὸς</span> <span class='ocrx_word' id='word_1_584' title='bbox 3199 2878 3396 2958; x_wconf 75' lang='grc' dir='ltr'>ἐχθρῷ,</span> <span class='ocrx_word' id='word_1_585' title='bbox 3430 2876 3509 2933; x_wconf 80' lang='grc' dir='ltr'>διὰ</span> <span class='ocrx_word' id='word_1_586' title='bbox 3552 2881 3649 2945; x_wconf 77' lang='grc' dir='ltr'>τῆς</span> <span class='ocrx_word' id='word_1_587' title='bbox 3694 2903 3863 2958; x_wconf 76' lang='grc' dir='ltr'>παρα-</span> 
     </span>
    </p>
   </div>
   <div class='ocr_carea' id='block_1_76' title="bbox 2229 2966 3853 3047">
    <p class='ocr_par' dir='ltr' id='par_1_76' title="bbox 2229 2966 3853 3047">
     <span class='ocr_line' id='line_1_77' title="bbox 2229 2966 3853 3047; baseline -0.003 -21"><span class='ocrx_word' id='word_1_588' title='bbox 2229 2969 2389 3039; x_wconf 79' lang='grc' dir='ltr'>ϐολῆς</span> <span class='ocrx_word' id='word_1_589' title='bbox 2458 2971 2653 3037; x_wconf 76' lang='grc' dir='ltr'>ταύτης</span> <span class='ocrx_word' id='word_1_590' title='bbox 2713 2971 2739 3025; x_wconf 83' lang='grc' dir='ltr'><strong>ὁ</strong></span> <span class='ocrx_word' id='word_1_591' title='bbox 2813 2970 2999 3047; x_wconf 84' lang='grc' dir='ltr'>Κύριος</span> <span class='ocrx_word' id='word_1_592' title='bbox 3080 2967 3380 3046; x_wconf 79' lang='grc' dir='ltr'>θεραπεύειν</span> <span class='ocrx_word' id='word_1_593' title='bbox 3459 2966 3853 3045; x_wconf 77' lang='grc' dir='ltr'>ἐπαγγέλλεται,</span> 
     </span>
    </p>
   </div>
   <div class='ocr_carea' id='block_1_77' title="bbox 2235 3056 3857 3138">
    <p class='ocr_par' dir='ltr' id='par_1_77' title="bbox 2235 3056 3857 3138">
     <span class='ocr_line' id='line_1_78' title="bbox 2235 3056 3857 3138; baseline -0.004 -23"><span class='ocrx_word' id='word_1_594' title='bbox 2235 3062 2331 3115; x_wconf 79' lang='grc' dir='ltr'>Διὰ</span> <span class='ocrx_word' id='word_1_595' title='bbox 2391 3063 2485 3138; x_wconf 79' lang='grc' dir='ltr'>γὰρ</span> <span class='ocrx_word' id='word_1_596' title='bbox 2526 3061 2645 3121; x_wconf 85' lang='grc' dir='ltr'>τοὺς</span> <span class='ocrx_word' id='word_1_597' title='bbox 2677 3058 2995 3120; x_wconf 80' lang='grc' dir='ltr'>πεποιθότας</span> <span class='ocrx_word' id='word_1_598' title='bbox 3042 3056 3123 3135; x_wconf 75' lang='grc' dir='ltr'>ἐφ’</span> <span class='ocrx_word' id='word_1_599' title='bbox 3176 3057 3411 3129; x_wconf 78' lang='grc' dir='ltr'>ἑαυτοῖς,</span> <span class='ocrx_word' id='word_1_600' title='bbox 3445 3057 3531 3112; x_wconf 84' lang='grc' dir='ltr'>καὶ</span> <span class='ocrx_word' id='word_1_601' title='bbox 3575 3057 3652 3133; x_wconf 80' lang='grc' dir='ltr'>μὴ</span> <span class='ocrx_word' id='word_1_602' title='bbox 3681 3059 3739 3113; x_wconf 84' lang='grc' dir='ltr'>τὸ</span> <span class='ocrx_word' id='word_1_603' title='bbox 3766 3064 3857 3113; x_wconf 73' lang='grc' dir='ltr'>πᾶν</span> 
     </span>
    </p>
   </div>
   <div class='ocr_carea' id='block_1_78' title="bbox 2233 3144 3859 3227">
    <p class='ocr_par' dir='ltr' id='par_1_78' title="bbox 2233 3144 3859 3227">
     <span class='ocr_line' id='line_1_79' title="bbox 2233 3144 3859 3227; baseline -0.002 -22"><span class='ocrx_word' id='word_1_604' title='bbox 2233 3156 2346 3224; x_wconf 83' lang='grc' dir='ltr'>Θεῷ</span> <span class='ocrx_word' id='word_1_605' title='bbox 2378 3148 2773 3227; x_wconf 79' lang='grc' dir='ltr'>λογιζομένους,</span> <span class='ocrx_word' id='word_1_606' title='bbox 2832 3145 2969 3203; x_wconf 69' lang='grc' dir='ltr'>ἀλλὰ</span> <span class='ocrx_word' id='word_1_607' title='bbox 3019 3144 3103 3202; x_wconf 73' lang='grc' dir='ltr'>διὰ</span> <span class='ocrx_word' id='word_1_608' title='bbox 3158 3155 3313 3204; x_wconf 80' lang='grc' dir='ltr'>τοῦτο</span> <span class='ocrx_word' id='word_1_609' title='bbox 3367 3147 3453 3201; x_wconf 82' lang='grc' dir='ltr'>καὶ</span> <span class='ocrx_word' id='word_1_610' title='bbox 3508 3148 3627 3209; x_wconf 78' lang='grc' dir='ltr'>τοὺς</span> <span class='ocrx_word' id='word_1_611' title='bbox 3682 3145 3859 3208; x_wconf 77' lang='grc' dir='ltr'>ἄλλους</span> 
     </span>
    </p>
   </div>
   <div class='ocr_carea' id='block_1_79' title="bbox 2228 3232 3860 3315">
    <p class='ocr_par' dir='ltr' id='par_1_79' title="bbox 2228 3232 3860 3315">
     <span class='ocr_line' id='line_1_80' title="bbox 2228 3232 3860 3315; baseline -0.002 -22"><span class='ocrx_word' id='word_1_612' title='bbox 2228 3238 2642 3311; x_wconf 54' lang='grc' dir='ltr'>ἐξουθενοῦντας,</span> <span class='ocrx_word' id='word_1_613' title='bbox 2702 3236 2863 3293; x_wconf 77' lang='grc' dir='ltr'>ταῦτά</span> <span class='ocrx_word' id='word_1_614' title='bbox 2900 3258 3056 3315; x_wconf 78' lang='grc' dir='ltr'>φησι,</span> <span class='ocrx_word' id='word_1_615' title='bbox 3111 3238 3195 3291; x_wconf 87' lang='grc' dir='ltr'>καὶ</span> <span class='ocrx_word' id='word_1_616' title='bbox 3238 3232 3513 3313; x_wconf 80' lang='grc' dir='ltr'>δείκνυσιν,</span> <span class='ocrx_word' id='word_1_617' title='bbox 3568 3234 3649 3290; x_wconf 78' lang='grc' dir='ltr'>ὅτι</span> <span class='ocrx_word' id='word_1_618' title='bbox 3693 3237 3725 3303; x_wconf 79' lang='grc' dir='ltr'>ἡ</span> <span class='ocrx_word' id='word_1_619' title='bbox 3781 3234 3860 3290; x_wconf 82' lang='grc' dir='ltr'>δι-</span> 
     </span>
    </p>
   </div>
   <div class='ocr_carea' id='block_1_80' title="bbox 2226 3322 3862 3403">
    <p class='ocr_par' dir='ltr' id='par_1_80' title="bbox 2226 3322 3862 3403">
     <span class='ocr_line' id='line_1_81' title="bbox 2226 3322 3862 3403; baseline -0.001 -20"><span class='ocrx_word' id='word_1_620' title='bbox 2226 3328 2478 3394; x_wconf 81' lang='grc' dir='ltr'>καιοσύνη</span> <span class='ocrx_word' id='word_1_621' title='bbox 2527 3326 2695 3383; x_wconf 86' lang='grc' dir='ltr'>τᾶλλα</span> <span class='ocrx_word' id='word_1_622' title='bbox 2752 3326 3026 3401; x_wconf 82' lang='grc' dir='ltr'>θαυμαστή</span> <span class='ocrx_word' id='word_1_623' title='bbox 3085 3346 3165 3387; x_wconf 88' lang='grc' dir='ltr'>τις</span> <span class='ocrx_word' id='word_1_624' title='bbox 3214 3326 3365 3403; x_wconf 73' lang='grc' dir='ltr'>οὖσα,</span> <span class='ocrx_word' id='word_1_625' title='bbox 3397 3324 3484 3379; x_wconf 83' lang='grc' dir='ltr'>καὶ</span> <span class='ocrx_word' id='word_1_626' title='bbox 3508 3322 3732 3390; x_wconf 79' lang='grc' dir='ltr'>πλησίον</span> <span class='ocrx_word' id='word_1_627' title='bbox 3776 3334 3862 3382; x_wconf 77' lang='grc' dir='ltr'>τοῦ</span> 
     </span>
    </p>
   </div>
   <div class='ocr_carea' id='block_1_81' title="bbox 2228 3412 3855 3492">
    <p class='ocr_par' dir='ltr' id='par_1_81' title="bbox 2228 3412 3855 3492">
     <span class='ocr_line' id='line_1_82' title="bbox 2228 3412 3855 3492; baseline -0.004 -18"><span class='ocrx_word' id='word_1_628' title='bbox 2228 3425 2358 3474; x_wconf 81' lang='grc' dir='ltr'>Θεοῦ</span> <span class='ocrx_word' id='word_1_629' title='bbox 2411 3418 2500 3473; x_wconf 80' lang='grc' dir='ltr'>τὸν</span> <span class='ocrx_word' id='word_1_630' title='bbox 2558 3416 2825 3483; x_wconf 79' lang='grc' dir='ltr'>ἄνθρωπον</span> <span class='ocrx_word' id='word_1_631' title='bbox 2880 3415 3100 3488; x_wconf 81' lang='grc' dir='ltr'>ἰστῶσα,</span> <span class='ocrx_word' id='word_1_632' title='bbox 3160 3412 3286 3468; x_wconf 83' lang='grc' dir='ltr'>ὅταν</span> <span class='ocrx_word' id='word_1_633' title='bbox 3341 3412 3440 3479; x_wconf 81' lang='grc' dir='ltr'>τὴν</span> <span class='ocrx_word' id='word_1_634' title='bbox 3513 3414 3855 3492; x_wconf 72' lang='grc' dir='ltr'>ὑπερηφανίαν</span> 
     </span>
    </p>
   </div>
   <div class='ocr_carea' id='block_1_82' title="bbox 2226 3499 3852 3583">
    <p class='ocr_par' dir='ltr' id='par_1_82' title="bbox 2226 3499 3852 3583">
     <span class='ocr_line' id='line_1_83' title="bbox 2226 3499 3852 3583; baseline -0.004 -20"><span class='ocrx_word' id='word_1_635' title='bbox 2226 3503 2614 3583; x_wconf 76' lang='grc' dir='ltr'>προσλάϐηται,</span> <span class='ocrx_word' id='word_1_636' title='bbox 2674 3507 2745 3569; x_wconf 89' lang='grc' dir='ltr'>εἰς</span> <span class='ocrx_word' id='word_1_637' title='bbox 2790 3505 2856 3560; x_wconf 79' lang='grc' dir='ltr'>τὰ</span> <span class='ocrx_word' id='word_1_638' title='bbox 2918 3503 3195 3558; x_wconf 69' lang='grc' dir='ltr'>κατώτατα</span> <span class='ocrx_word' id='word_1_639' title='bbox 3241 3503 3332 3557; x_wconf 80' lang='grc' dir='ltr'>τὸν</span> <span class='ocrx_word' id='word_1_640' title='bbox 3374 3500 3637 3580; x_wconf 73' lang='grc' dir='ltr'>ἄνθρωπον</span> <span class='ocrx_word' id='word_1_641' title='bbox 3692 3499 3852 3578; x_wconf 77' lang='grc' dir='ltr'>ἀπορο</span> 
     </span>
    </p>
   </div>
   <div class='ocr_carea' id='block_1_83' title="bbox 2225 3590 3855 3675">
    <p class='ocr_par' dir='ltr' id='par_1_83' title="bbox 2225 3590 3855 3675">
     <span class='ocr_line' id='line_1_84' title="bbox 2225 3590 3855 3675; baseline -0.007 -24"><span class='ocrx_word' id='word_1_642' title='bbox 2225 3598 2417 3675; x_wconf 87' lang='grc' dir='ltr'>ρίπτει,</span> <span class='ocrx_word' id='word_1_643' title='bbox 2468 3596 2555 3650; x_wconf 87' lang='grc' dir='ltr'>καὶ</span> <span class='ocrx_word' id='word_1_644' title='bbox 2611 3596 2685 3659; x_wconf 86' lang='grc' dir='ltr'>ὡς</span> <span class='ocrx_word' id='word_1_645' title='bbox 2744 3593 2960 3668; x_wconf 77' lang='grc' dir='ltr'>δαίμονα</span> <span class='ocrx_word' id='word_1_646' title='bbox 3016 3604 3163 3648; x_wconf 78' lang='grc' dir='ltr'>ποιεῖ</span> <span class='ocrx_word' id='word_1_647' title='bbox 3192 3592 3283 3647; x_wconf 83' lang='grc' dir='ltr'>τὸν</span> <span class='ocrx_word' id='word_1_648' title='bbox 3311 3590 3445 3654; x_wconf 86' lang='grc' dir='ltr'>τέως</span> <span class='ocrx_word' id='word_1_649' title='bbox 3491 3592 3681 3647; x_wconf 83' lang='grc' dir='ltr'>ἰσόθεον</span> <span class='ocrx_word' id='word_1_650' title='bbox 3708 3613 3855 3671; x_wconf 73' lang='grc' dir='ltr'>χρη-</span> 
     </span>
    </p>
   </div>
   <div class='ocr_carea' id='block_1_84' title="bbox 2225 3680 3861 3761">
    <p class='ocr_par' dir='ltr' id='par_1_84' title="bbox 2225 3680 3861 3761">
     <span class='ocr_line' id='line_1_85' title="bbox 2225 3680 3861 3761; baseline -0.004 -20"><span class='ocrx_word' id='word_1_651' title='bbox 2225 3688 2530 3761; x_wconf 81' lang='grc' dir='ltr'>ματίζοντα,</span> <span class='ocrx_word' id='word_1_652' title='bbox 2592 3680 2793 3741; x_wconf 61' lang='lat' dir='ltr'>&quot;Eous</span> <span class='ocrx_word' id='word_1_653' title='bbox 2851 3683 2947 3758; x_wconf 79' lang='grc' dir='ltr'>μὲν</span> <span class='ocrx_word' id='word_1_654' title='bbox 2991 3684 3077 3738; x_wconf 74' lang='grc' dir='ltr'>οὖν</span> <span class='ocrx_word' id='word_1_655' title='bbox 3117 3682 3181 3736; x_wconf 78' lang='grc' dir='ltr'>τὰ</span> <span class='ocrx_word' id='word_1_656' title='bbox 3225 3682 3438 3760; x_wconf 73' lang='grc' dir='ltr'>ρήματα</span> <span class='ocrx_word' id='word_1_657' title='bbox 3467 3688 3557 3737; x_wconf 80' lang='grc' dir='ltr'>τοῦ</span> <span class='ocrx_word' id='word_1_658' title='bbox 3586 3684 3861 3759; x_wconf 76' lang='grc' dir='ltr'>Φαρισαίου</span> 
     </span>
    </p>
   </div>
   <div class='ocr_carea' id='block_1_85' title="bbox 2228 3768 3860 3853">
    <p class='ocr_par' dir='ltr' id='par_1_85' title="bbox 2228 3768 3860 3853">
     <span class='ocr_line' id='line_1_86' title="bbox 2228 3768 3860 3853; baseline -0.002 -23"><span class='ocrx_word' id='word_1_659' title='bbox 2228 3773 2278 3840; x_wconf 81' lang='grc' dir='ltr'>ἐξ</span> <span class='ocrx_word' id='word_1_660' title='bbox 2310 3774 2485 3853; x_wconf 76' lang='grc' dir='ltr'>ἀρχῆς</span> <span class='ocrx_word' id='word_1_661' title='bbox 2518 3773 2613 3849; x_wconf 76' lang='grc' dir='ltr'>μὲν</span> <span class='ocrx_word' id='word_1_662' title='bbox 2646 3772 2977 3849; x_wconf 67' lang='grc' dir='ltr'>εὐγνώμονος</span> <span class='ocrx_word' id='word_1_663' title='bbox 3034 3770 3307 3847; x_wconf 78' lang='grc' dir='ltr'>ἀνθρώπου</span> <span class='ocrx_word' id='word_1_664' title='bbox 3365 3768 3567 3849; x_wconf 81' lang='grc' dir='ltr'>λόγοις.</span> <span class='ocrx_word' id='word_1_665' title='bbox 3628 3772 3860 3850; x_wconf 77' lang='grc' dir='ltr'>Εὖχαρι-</span> 
     </span>
    </p>
   </div>
   <div class='ocr_carea' id='block_1_86' title="bbox 2227 3856 3865 3940">
    <p class='ocr_par' dir='ltr' id='par_1_86' title="bbox 2227 3856 3865 3940">
     <span class='ocr_line' id='line_1_87' title="bbox 2227 3856 3865 3940; baseline -0.002 -22"><span class='ocrx_word' id='word_1_666' title='bbox 2227 3865 2336 3918; x_wconf 79' lang='grc' dir='ltr'>στῶ</span> <span class='ocrx_word' id='word_1_667' title='bbox 2388 3884 2468 3917; x_wconf 90' lang='grc' dir='ltr'>σοι</span> <span class='ocrx_word' id='word_1_668' title='bbox 2509 3860 2635 3940; x_wconf 74' lang='grc' dir='ltr'>γὰρ,</span> <span class='ocrx_word' id='word_1_669' title='bbox 2662 3861 2845 3940; x_wconf 77' lang='grc' dir='ltr'>φησὶν,</span> <span class='ocrx_word' id='word_1_670' title='bbox 2878 3862 2905 3915; x_wconf 82' lang='grc' dir='ltr'>ὁ</span> <span class='ocrx_word' id='word_1_671' title='bbox 2939 3861 3091 3938; x_wconf 78' lang='grc' dir='ltr'>Θεὸς,</span> <span class='ocrx_word' id='word_1_672' title='bbox 3125 3860 3191 3914; x_wconf 80' lang='grc' dir='ltr'>τὰ</span> <span class='ocrx_word' id='word_1_673' title='bbox 3236 3857 3291 3914; x_wconf 77' lang='grc' dir='ltr'>δὲ</span> <span class='ocrx_word' id='word_1_674' title='bbox 3320 3856 3507 3937; x_wconf 76' lang='grc' dir='ltr'>ἐφεξῆς</span> <span class='ocrx_word' id='word_1_675' title='bbox 3530 3858 3707 3926; x_wconf 84' lang='grc' dir='ltr'>πάσης</span> <span class='ocrx_word' id='word_1_676' title='bbox 3740 3859 3865 3915; x_wconf 67' lang='grc' dir='ltr'>ἄπο-</span> 
     </span>
    </p>
   </div>
   <div class='ocr_carea' id='block_1_87' title="bbox 2228 3946 3861 4028">
    <p class='ocr_par' dir='ltr' id='par_1_87' title="bbox 2228 3946 3861 4028">
     <span class='ocr_line' id='line_1_88' title="bbox 2228 3946 3861 4028; baseline -0.001 -23"><span class='ocrx_word' id='word_1_677' title='bbox 2228 3951 2369 4016; x_wconf 89' lang='grc' dir='ltr'>νοίας</span> <span class='ocrx_word' id='word_1_678' title='bbox 2399 3948 2818 4028; x_wconf 83' lang='grc' dir='ltr'>πεπληρωμένα,</span> <span class='ocrx_word' id='word_1_679' title='bbox 2878 3948 2948 4006; x_wconf 69' lang='grc' dir='ltr'>Οὔ</span> <span class='ocrx_word' id='word_1_680' title='bbox 3004 3948 3104 4025; x_wconf 75' lang='grc' dir='ltr'>γὰρ</span> <span class='ocrx_word' id='word_1_681' title='bbox 3135 3951 3309 4027; x_wconf 81' lang='grc' dir='ltr'>εἶπεν,</span> <span class='ocrx_word' id='word_1_682' title='bbox 3357 3947 3436 4002; x_wconf 78' lang='grc' dir='ltr'>ὅτι</span> <span class='ocrx_word' id='word_1_683' title='bbox 3465 3946 3756 4015; x_wconf 81' lang='grc' dir='ltr'>Ἐποίησάς</span> <span class='ocrx_word' id='word_1_684' title='bbox 3797 3971 3861 4025; x_wconf 87' lang='grc' dir='ltr'>με</span> 
     </span>
    </p>
   </div>
   <div class='ocr_carea' id='block_1_88' title="bbox 2228 4035 3863 4119">
    <p class='ocr_par' dir='ltr' id='par_1_88' title="bbox 2228 4035 3863 4119">
     <span class='ocr_line' id='line_1_89' title="bbox 2228 4035 3863 4119; baseline 0.009 -26"><span class='ocrx_word' id='word_1_685' title='bbox 2228 4040 2451 4119; x_wconf 75' lang='grc' dir='ltr'>ἀπέχειν</span> <span class='ocrx_word' id='word_1_686' title='bbox 2508 4039 2611 4094; x_wconf 81' lang='grc' dir='ltr'>ἀπὸ</span> <span class='ocrx_word' id='word_1_687' title='bbox 2670 4035 2893 4116; x_wconf 68' lang='grc' dir='ltr'>ἀδικίας,</span> <span class='ocrx_word' id='word_1_688' title='bbox 2944 4038 3047 4092; x_wconf 80' lang='grc' dir='ltr'>ἀπὸ</span> <span class='ocrx_word' id='word_1_689' title='bbox 3076 4036 3317 4116; x_wconf 76' lang='grc' dir='ltr'>ἀρπαγῆς</span> <span class='ocrx_word' id='word_1_690' title='bbox 3354 4053 3368 4067; x_wconf 85' lang='grc'><strong>⁹</strong></span> <span class='ocrx_word' id='word_1_691' title='bbox 3406 4035 3539 4093; x_wconf 67' lang='grc' dir='ltr'>ἀλλὰ</span> <span class='ocrx_word' id='word_1_692' title='bbox 3568 4041 3679 4103; x_wconf 78' lang='grc' dir='ltr'>πῶς</span> <span class='ocrx_word' id='word_1_693' title='bbox 3712 4060 3728 4113; x_wconf 84' lang='grc'>;</span> <span class='ocrx_word' id='word_1_694' title='bbox 3762 4042 3863 4097; x_wconf 69' lang='grc' dir='ltr'>Οὖκ</span> 
     </span>
    </p>
   </div>
   <div class='ocr_carea' id='block_1_89' title="bbox 2228 4119 3864 4205">
    <p class='ocr_par' dir='ltr' id='par_1_89' title="bbox 2228 4119 3864 4205">
     <span class='ocr_line' id='line_1_90' title="bbox 2228 4119 3864 4205; baseline -0.002 -21"><span class='ocrx_word' id='word_1_695' title='bbox 2228 4130 2351 4192; x_wconf 79' lang='grc' dir='ltr'>εἰμί.</span> <span class='ocrx_word' id='word_1_696' title='bbox 2414 4119 2617 4201; x_wconf 73' lang='grc' dir='ltr'>Ἐαυτῷ</span> <span class='ocrx_word' id='word_1_697' title='bbox 2673 4131 2917 4202; x_wconf 66' lang='grc' dir='ltr'>προσῆψε</span> <span class='ocrx_word' id='word_1_698' title='bbox 2968 4127 3028 4181; x_wconf 79' lang='grc' dir='ltr'>τὸ</span> <span class='ocrx_word' id='word_1_699' title='bbox 3084 4126 3423 4205; x_wconf 83' lang='grc' dir='ltr'>κατόρθωμα,</span> <span class='ocrx_word' id='word_1_700' title='bbox 3468 4126 3554 4182; x_wconf 78' lang='grc' dir='ltr'>καὶ</span> <span class='ocrx_word' id='word_1_701' title='bbox 3606 4132 3676 4201; x_wconf 78' lang='grc' dir='ltr'>τῇ</span> <span class='ocrx_word' id='word_1_702' title='bbox 3703 4128 3864 4199; x_wconf 81' lang='grc' dir='ltr'>οἰκείᾳ</span> 
     </span>
    </p>
   </div>
   <div class='ocr_carea' id='block_1_90' title="bbox 3499 4221 3861 4293">
    <p class='ocr_par' dir='ltr' id='par_1_90' title="bbox 3499 4221 3861 4293">
     <span class='ocr_line' id='line_1_91' title="bbox 3499 4221 3861 4293; baseline 0 -23"><span class='ocrx_word' id='word_1_703' title='bbox 3499 4262 3514 4293; x_wconf 84' lang='grc'>,</span> <span class='ocrx_word' id='word_1_704' title='bbox 3561 4222 3715 4270; x_wconf 81' lang='grc' dir='ltr'>τοῦτο</span> <span class='ocrx_word' id='word_1_705' title='bbox 3750 4221 3861 4278; x_wconf 84' lang='grc' dir='ltr'>πῶς</span> 
     </span>
    </p>
   </div>
   <div class='ocr_carea' id='block_1_91' title="bbox 506 4298 2151 4384">
    <p class='ocr_par' dir='ltr' id='par_1_91' title="bbox 506 4298 2140 4379">
     <span class='ocr_line' id='line_1_92' title="bbox 506 4298 2140 4379; baseline -0.001 -19"><span class='ocrx_word' id='word_1_706' title='bbox 506 4299 658 4379; x_wconf 92' lang='lat' dir='ltr'>quod</span> <span class='ocrx_word' id='word_1_707' title='bbox 693 4300 866 4358; x_wconf 88' lang='lat' dir='ltr'>etiam</span> <span class='ocrx_word' id='word_1_708' title='bbox 900 4300 1025 4378; x_wconf 91' lang='lat' dir='ltr'>ipse</span> <span class='ocrx_word' id='word_1_709' title='bbox 1071 4317 1237 4379; x_wconf 85' lang='lat' dir='ltr'>aque</span> <span class='ocrx_word' id='word_1_710' title='bbox 1287 4299 1480 4359; x_wconf 88' lang='lat' dir='ltr'>nudus</span> <span class='ocrx_word' id='word_1_711' title='bbox 1532 4308 1711 4373; x_wconf 88' lang='lat' dir='ltr'>esset,</span> <span class='ocrx_word' id='word_1_712' title='bbox 1755 4307 2036 4377; x_wconf 82' lang='lat' dir='ltr'>quantum</span> <span class='ocrx_word' id='word_1_713' title='bbox 2068 4298 2140 4359; x_wconf 90' lang='lat' dir='ltr'>ad</span> 
     </span>
    </p>
   </div>
   <div class='ocr_carea' id='block_1_92' title="bbox 2235 4298 3861 4384">
    <p class='ocr_par' dir='ltr' id='par_1_92' title="bbox 2235 4302 3861 4384">
     <span class='ocr_line' id='line_1_93' title="bbox 2235 4302 3861 4384; baseline -0.002 -22"><span class='ocrx_word' id='word_1_714' title='bbox 2235 4328 2362 4362; x_wconf 76' lang='grc' dir='ltr'>εστιν</span> <span class='ocrx_word' id='word_1_715' title='bbox 2417 4305 2688 4382; x_wconf 80' lang='grc' dir='ltr'>ἀνθρώπου</span> <span class='ocrx_word' id='word_1_716' title='bbox 2732 4302 2949 4379; x_wconf 69' lang='grc' dir='ltr'>εἰδότος,</span> <span class='ocrx_word' id='word_1_717' title='bbox 3002 4306 3074 4368; x_wconf 87' lang='grc' dir='ltr'>ὡς</span> <span class='ocrx_word' id='word_1_718' title='bbox 3116 4304 3257 4381; x_wconf 82' lang='grc' dir='ltr'>παρὰ</span> <span class='ocrx_word' id='word_1_719' title='bbox 3289 4310 3418 4360; x_wconf 87' lang='grc' dir='ltr'>Θεοῦ</span> <span class='ocrx_word' id='word_1_720' title='bbox 3455 4302 3597 4383; x_wconf 76' lang='grc' dir='ltr'>ἔχει,</span> <span class='ocrx_word' id='word_1_721' title='bbox 3630 4304 3663 4359; x_wconf 77' lang='grc' dir='ltr'>ἂ</span> <span class='ocrx_word' id='word_1_722' title='bbox 3693 4304 3809 4384; x_wconf 80' lang='grc' dir='ltr'>ἔχει</span> <span class='ocrx_word' id='word_1_723' title='bbox 3845 4324 3861 4379; x_wconf 85' lang='grc'><strong>;</strong></span> 
     </span>
    </p>
   </div>
   <div class='ocr_carea' id='block_1_93' title="bbox 504 4386 2144 4450">
    <p class='ocr_par' dir='ltr' id='par_1_93' title="bbox 504 4386 2144 4450">
     <span class='ocr_line' id='line_1_94' title="bbox 504 4386 2144 4450; baseline 0 -3"><span class='ocrx_word' id='word_1_724' title='bbox 504 4407 665 4448; x_wconf 87' lang='lat' dir='ltr'>suam</span> <span class='ocrx_word' id='word_1_725' title='bbox 699 4387 967 4447; x_wconf 90' lang='lat' dir='ltr'>virtutem</span> <span class='ocrx_word' id='word_1_726' title='bbox 1002 4388 1307 4450; x_wconf 89' lang='lat' dir='ltr'>attinebat.</span> <span class='ocrx_word' id='word_1_727' title='bbox 1344 4386 1534 4449; x_wconf 91' lang='lat' dir='ltr'>Gratis</span> <span class='ocrx_word' id='word_1_728' title='bbox 1577 4387 1733 4448; x_wconf 89' lang='lat' dir='ltr'>enim</span> <span class='ocrx_word' id='word_1_729' title='bbox 1785 4387 2026 4448; x_wconf 90' lang='lat' dir='ltr'>indutus</span> <span class='ocrx_word' id='word_1_730' title='bbox 2056 4396 2144 4449; x_wconf 87' lang='lat' dir='ltr'>est</span> 
     </span>
    </p>
   </div>
   <div class='ocr_carea' id='block_1_94' title="bbox 2223 4391 3862 4472">
    <p class='ocr_par' dir='ltr' id='par_1_94' title="bbox 2223 4391 3862 4472">
     <span class='ocr_line' id='line_1_95' title="bbox 2223 4391 3862 4472; baseline -0.001 -22"><span class='ocrx_word' id='word_1_731' title='bbox 2223 4395 2437 4456; x_wconf 84' lang='grc' dir='ltr'>Πάντως</span> <span class='ocrx_word' id='word_1_732' title='bbox 2469 4394 2567 4472; x_wconf 80' lang='grc' dir='ltr'>γὰρ</span> <span class='ocrx_word' id='word_1_733' title='bbox 2624 4395 2658 4461; x_wconf 79' lang='grc' dir='ltr'>ἡ</span> <span class='ocrx_word' id='word_1_734' title='bbox 2715 4391 3035 4466; x_wconf 69' lang='grc' dir='ltr'>ἐπίστευσεν,</span> <span class='ocrx_word' id='word_1_735' title='bbox 3088 4392 3167 4447; x_wconf 82' lang='grc' dir='ltr'>ὅτι</span> <span class='ocrx_word' id='word_1_736' title='bbox 3213 4392 3396 4470; x_wconf 83' lang='grc' dir='ltr'>χάριτι</span> <span class='ocrx_word' id='word_1_737' title='bbox 3426 4391 3543 4471; x_wconf 78' lang='grc' dir='ltr'>ἔχει</span> <span class='ocrx_word' id='word_1_738' title='bbox 3573 4394 3638 4449; x_wconf 74' lang='grc' dir='ltr'>τὰ</span> <span class='ocrx_word' id='word_1_739' title='bbox 3696 4392 3862 4450; x_wconf 78' lang='grc' dir='ltr'>ἀλλό-</span> 
     </span>
    </p>
   </div>
   <div class='ocr_carea' id='block_1_95' title="bbox 504 4475 2151 4562">
    <p class='ocr_par' dir='ltr' id='par_1_95' title="bbox 504 4475 2129 4557">
     <span class='ocr_line' id='line_1_96' title="bbox 504 4475 2129 4557; baseline -0.001 -21"><span class='ocrx_word' id='word_1_740' title='bbox 504 4485 745 4557; x_wconf 88' lang='lat' dir='ltr'>propter</span> <span class='ocrx_word' id='word_1_741' title='bbox 768 4476 1261 4538; x_wconf 84' lang='lat' dir='ltr'>misericordiam:</span> <span class='ocrx_word' id='word_1_742' title='bbox 1290 4484 1601 4555; x_wconf 74' lang='lat' dir='ltr'>propterea</span> <span class='ocrx_word' id='word_1_743' title='bbox 1626 4475 1917 4555; x_wconf 87' lang='lat' dir='ltr'>superbus</span> <span class='ocrx_word' id='word_1_744' title='bbox 1934 4476 2129 4539; x_wconf 84' lang='lat' dir='ltr'>Phari</span> 
     </span>
    </p>
   </div>
   <div class='ocr_carea' id='block_1_96' title="bbox 2235 4475 3862 4562">
    <p class='ocr_par' dir='ltr' id='par_1_96' title="bbox 2235 4479 3862 4562">
     <span class='ocr_line' id='line_1_97' title="bbox 2235 4479 3862 4562; baseline 0 -24"><span class='ocrx_word' id='word_1_745' title='bbox 2235 4506 2336 4562; x_wconf 74' lang='grc' dir='ltr'>τρια</span> <span class='ocrx_word' id='word_1_746' title='bbox 2367 4482 2556 4560; x_wconf 77' lang='grc' dir='ltr'>ἀγαθὰ,</span> <span class='ocrx_word' id='word_1_747' title='bbox 2616 4483 2711 4538; x_wconf 74' lang='grc' dir='ltr'>οὒκ</span> <span class='ocrx_word' id='word_1_748' title='bbox 2762 4480 2822 4537; x_wconf 80' lang='grc' dir='ltr'>ἂν</span> <span class='ocrx_word' id='word_1_749' title='bbox 2850 4483 2973 4545; x_wconf 81' lang='grc' dir='ltr'>τοὺς</span> <span class='ocrx_word' id='word_1_750' title='bbox 3016 4479 3205 4545; x_wconf 73' lang='grc' dir='ltr'>ἄλλους</span> <span class='ocrx_word' id='word_1_751' title='bbox 3254 4480 3526 4552; x_wconf 78' lang='grc' dir='ltr'>ἐξουθένει,</span> <span class='ocrx_word' id='word_1_752' title='bbox 3578 4481 3862 4561; x_wconf 81' lang='grc' dir='ltr'>λογιζόμε-</span> 
     </span>
    </p>
   </div>
   <div class='ocr_carea' id='block_1_97' title="bbox 506 4565 2140 4646">
    <p class='ocr_par' dir='ltr' id='par_1_97' title="bbox 506 4565 2140 4646">
     <span class='ocr_line' id='line_1_98' title="bbox 506 4565 2140 4646; baseline 0.001 -20"><span class='ocrx_word' id='word_1_753' title='bbox 506 4584 679 4645; x_wconf 86' lang='lat' dir='ltr'>saus,</span> <span class='ocrx_word' id='word_1_754' title='bbox 704 4574 979 4645; x_wconf 90' lang='lat' dir='ltr'>tanquam</span> <span class='ocrx_word' id='word_1_755' title='bbox 1014 4566 1268 4644; x_wconf 88' lang='lat' dir='ltr'>propria</span> <span class='ocrx_word' id='word_1_756' title='bbox 1290 4565 1596 4626; x_wconf 88' lang='lat' dir='ltr'>ascribens</span> <span class='ocrx_word' id='word_1_757' title='bbox 1620 4565 1899 4645; x_wconf 86' lang='lat' dir='ltr'>potentia</span> <span class='ocrx_word' id='word_1_758' title='bbox 1922 4584 1989 4626; x_wconf 90' lang='lat' dir='ltr'>ea</span> <span class='ocrx_word' id='word_1_759' title='bbox 2011 4585 2140 4646; x_wconf 85' lang='lat' dir='ltr'>qua</span> 
     </span>
    </p>
   </div>
   <div class='ocr_carea' id='block_1_98' title="bbox 502 4653 2137 4733">
    <p class='ocr_par' dir='ltr' id='par_1_98' title="bbox 502 4653 2137 4733">
     <span class='ocr_line' id='line_1_99' title="bbox 502 4653 2137 4733; baseline 0 -18"><span class='ocrx_word' id='word_1_760' title='bbox 502 4657 655 4717; x_wconf 79' lang='lat' dir='ltr'>facta</span> <span class='ocrx_word' id='word_1_761' title='bbox 682 4664 836 4729; x_wconf 89' lang='lat' dir='ltr'>sunt,</span> <span class='ocrx_word' id='word_1_762' title='bbox 872 4654 1012 4715; x_wconf 87' lang='lat' dir='ltr'>inde</span> <span class='ocrx_word' id='word_1_763' title='bbox 1049 4673 1118 4715; x_wconf 89' lang='lat' dir='ltr'>eo</span> <span class='ocrx_word' id='word_1_764' title='bbox 1156 4672 1501 4733; x_wconf 80' lang='lat' dir='ltr'>progressus</span> <span class='ocrx_word' id='word_1_765' title='bbox 1543 4663 1651 4733; x_wconf 88' lang='lat' dir='ltr'>est,</span> <span class='ocrx_word' id='word_1_766' title='bbox 1688 4661 1751 4715; x_wconf 90' lang='lat' dir='ltr'>ut</span> <span class='ocrx_word' id='word_1_767' title='bbox 1782 4661 1839 4714; x_wconf 86' lang='lat' dir='ltr'>et</span> <span class='ocrx_word' id='word_1_768' title='bbox 1867 4653 2012 4715; x_wconf 90' lang='lat' dir='ltr'>alios</span> <span class='ocrx_word' id='word_1_769' title='bbox 2033 4656 2137 4733; x_wconf 90' lang='lat' dir='ltr'>ju-</span> 
     </span>
    </p>
   </div>
   <div class='ocr_carea' id='block_1_99' title="bbox 504 4742 2137 4821">
    <p class='ocr_par' dir='ltr' id='par_1_99' title="bbox 504 4742 2137 4821">
     <span class='ocr_line' id='line_1_100' title="bbox 504 4742 2137 4821; baseline 0 -18"><span class='ocrx_word' id='word_1_770' title='bbox 504 4743 681 4803; x_wconf 91' lang='lat' dir='ltr'>dicet.</span> <span class='ocrx_word' id='word_1_771' title='bbox 718 4742 985 4802; x_wconf 84' lang='lat' dir='ltr'>Ostendit</span> <span class='ocrx_word' id='word_1_772' title='bbox 1012 4751 1203 4802; x_wconf 89' lang='lat' dir='ltr'>autem</span> <span class='ocrx_word' id='word_1_773' title='bbox 1246 4742 1531 4802; x_wconf 89' lang='lat' dir='ltr'>Dominus</span> <span class='ocrx_word' id='word_1_774' title='bbox 1562 4751 1619 4801; x_wconf 91' lang='lat' dir='ltr'><strong>et</strong></span> <span class='ocrx_word' id='word_1_775' title='bbox 1650 4761 1754 4821; x_wconf 92' lang='lat' dir='ltr'>per</span> <span class='ocrx_word' id='word_1_776' title='bbox 1798 4743 2137 4817; x_wconf 84' lang='lat' dir='ltr'>stationem,</span> 
     </span>
    </p>
   </div>
   <div class='ocr_carea' id='block_1_100' title="bbox 506 4829 2142 4912">
    <p class='ocr_par' dir='ltr' id='par_1_100' title="bbox 506 4829 2142 4912">
     <span class='ocr_line' id='line_1_101' title="bbox 506 4829 2142 4912; baseline -0.001 -19"><span class='ocrx_word' id='word_1_777' title='bbox 506 4830 841 4912; x_wconf 88' lang='lat' dir='ltr'>superbiam</span> <span class='ocrx_word' id='word_1_778' title='bbox 878 4831 1024 4911; x_wconf 84' lang='lat' dir='ltr'>ejus,</span> <span class='ocrx_word' id='word_1_779' title='bbox 1076 4844 1133 4891; x_wconf 90' lang='lat' dir='ltr'><strong>et</strong></span> <span class='ocrx_word' id='word_1_780' title='bbox 1184 4830 1529 4891; x_wconf 89' lang='lat' dir='ltr'>humilitatis</span> <span class='ocrx_word' id='word_1_781' title='bbox 1576 4832 1852 4910; x_wconf 81' lang='lat' dir='ltr'>inepiam.</span> <span class='ocrx_word' id='word_1_782' title='bbox 1888 4829 2142 4892; x_wconf 89' lang='lat' dir='ltr'>Humilis</span> 
     </span>
    </p>
   </div>
   <div class='ocr_carea' id='block_1_101' title="bbox 504 4919 2141 4999">
    <p class='ocr_par' dir='ltr' id='par_1_101' title="bbox 504 4919 2141 4999">
     <span class='ocr_line' id='line_1_102' title="bbox 504 4919 2141 4999; baseline -0.001 -17"><span class='ocrx_word' id='word_1_783' title='bbox 504 4922 663 4983; x_wconf 91' lang='lat' dir='ltr'>enim</span> <span class='ocrx_word' id='word_1_784' title='bbox 686 4921 795 4980; x_wconf 88' lang='lat' dir='ltr'>viri</span> <span class='ocrx_word' id='word_1_785' title='bbox 822 4929 911 4981; x_wconf 90' lang='lat' dir='ltr'>est</span> <span class='ocrx_word' id='word_1_786' title='bbox 938 4928 995 4981; x_wconf 90' lang='lat' dir='ltr'>et</span> <span class='ocrx_word' id='word_1_787' title='bbox 1024 4928 1300 4999; x_wconf 84' lang='lat' dir='ltr'>aspectus</span> <span class='ocrx_word' id='word_1_788' title='bbox 1335 4919 1698 4999; x_wconf 89' lang='lat' dir='ltr'>humiliatus,</span> <span class='ocrx_word' id='word_1_789' title='bbox 1733 4919 1827 4980; x_wconf 93' lang='lat' dir='ltr'>hic</span> <span class='ocrx_word' id='word_1_790' title='bbox 1854 4928 2047 4981; x_wconf 90' lang='lat' dir='ltr'>autem</span> <span class='ocrx_word' id='word_1_791' title='bbox 2084 4929 2141 4981; x_wconf 89' lang='lat' dir='ltr'>et</span> 
     </span>
    </p>
   </div>
   <div class='ocr_carea' id='block_1_102' title="bbox 502 5010 2138 5089">
    <p class='ocr_par' dir='ltr' id='par_1_102' title="bbox 502 5010 2138 5089">
     <span class='ocr_line' id='line_1_103' title="bbox 502 5010 2138 5089; baseline -0.001 -17"><span class='ocrx_word' id='word_1_792' title='bbox 502 5012 702 5073; x_wconf 88' lang='lat' dir='ltr'>habitu</span> <span class='ocrx_word' id='word_1_793' title='bbox 719 5019 953 5089; x_wconf 84' lang='lat' dir='ltr'>etgestu</span> <span class='ocrx_word' id='word_1_794' title='bbox 976 5010 1923 5088; x_wconf 80' lang='lat' dir='ltr'>superbusagnoscitur.Quamvis</span> <span class='ocrx_word' id='word_1_795' title='bbox 1939 5020 2138 5074; x_wconf 86' lang='lat' dir='ltr'>autem</span> 
     </span>
    </p>
   </div>
   <div class='ocr_carea' id='block_1_103' title="bbox 501 5098 2139 5180">
    <p class='ocr_par' dir='ltr' id='par_1_103' title="bbox 501 5098 2139 5180">
     <span class='ocr_line' id='line_1_104' title="bbox 501 5098 2139 5180; baseline 0 -19"><span class='ocrx_word' id='word_1_796' title='bbox 501 5110 559 5161; x_wconf 92' lang='lat' dir='ltr'>et</span> <span class='ocrx_word' id='word_1_797' title='bbox 580 5103 655 5162; x_wconf 90' lang='lat' dir='ltr'>de</span> <span class='ocrx_word' id='word_1_798' title='bbox 680 5100 995 5180; x_wconf 86' lang='lat' dir='ltr'>publicano</span> <span class='ocrx_word' id='word_1_799' title='bbox 1020 5100 1240 5161; x_wconf 88' lang='lat' dir='ltr'>dictum</span> <span class='ocrx_word' id='word_1_800' title='bbox 1258 5100 1333 5161; x_wconf 92' lang='lat' dir='ltr'>sit</span> <span class='ocrx_word' id='word_1_801' title='bbox 1351 5098 1504 5179; x_wconf 91' lang='lat' dir='ltr'>quod</span> <span class='ocrx_word' id='word_1_802' title='bbox 1529 5099 1982 5174; x_wconf 86' lang='lat' dir='ltr'>steterit,tamen</span> <span class='ocrx_word' id='word_1_803' title='bbox 2007 5099 2139 5161; x_wconf 90' lang='lat' dir='ltr'>vide</span> 
     </span>
    </p>
   </div>
   <div class='ocr_carea' id='block_1_104' title="bbox 502 5188 2132 5270">
    <p class='ocr_par' dir='ltr' id='par_1_104' title="bbox 502 5188 2132 5270">
     <span class='ocr_line' id='line_1_105' title="bbox 502 5188 2132 5270; baseline -0.001 -20"><span class='ocrx_word' id='word_1_804' title='bbox 502 5199 558 5250; x_wconf 92' lang='lat' dir='ltr'><strong>et</strong></span> <span class='ocrx_word' id='word_1_805' title='bbox 586 5209 718 5270; x_wconf 87' lang='lat' dir='ltr'>qua</span> <span class='ocrx_word' id='word_1_806' title='bbox 749 5197 1097 5269; x_wconf 89' lang='lat' dir='ltr'>sequuntur,</span> <span class='ocrx_word' id='word_1_807' title='bbox 1136 5190 1290 5269; x_wconf 89' lang='lat' dir='ltr'>quod</span> <span class='ocrx_word' id='word_1_808' title='bbox 1330 5207 1523 5267; x_wconf 90' lang='lat' dir='ltr'>neque</span> <span class='ocrx_word' id='word_1_809' title='bbox 1554 5188 1757 5249; x_wconf 93' lang='lat' dir='ltr'>oculos</span> <span class='ocrx_word' id='word_1_810' title='bbox 1809 5189 1868 5249; x_wconf 92' lang='lat' dir='ltr'>in</span> <span class='ocrx_word' id='word_1_811' title='bbox 1918 5188 2132 5250; x_wconf 79' lang='lat' dir='ltr'>calum</span> 
     </span>
    </p>
   </div>
   <div class='ocr_carea' id='block_1_105' title="bbox 497 5278 2130 5356">
    <p class='ocr_par' dir='ltr' id='par_1_105' title="bbox 497 5278 2130 5356">
     <span class='ocr_line' id='line_1_106' title="bbox 497 5278 2130 5356; baseline 0.001 -17"><span class='ocrx_word' id='word_1_812' title='bbox 497 5280 745 5340; x_wconf 83' lang='lat' dir='ltr'>voluerit</span> <span class='ocrx_word' id='word_1_813' title='bbox 770 5279 1076 5355; x_wconf 84' lang='lat' dir='ltr'>extollere,</span> <span class='ocrx_word' id='word_1_814' title='bbox 1106 5279 1264 5340; x_wconf 89' lang='lat' dir='ltr'>unde</span> <span class='ocrx_word' id='word_1_815' title='bbox 1293 5278 1461 5338; x_wconf 87' lang='lat' dir='ltr'>statio</span> <span class='ocrx_word' id='word_1_816' title='bbox 1490 5278 1617 5356; x_wconf 88' lang='lat' dir='ltr'>ejus</span> <span class='ocrx_word' id='word_1_817' title='bbox 1651 5278 1954 5340; x_wconf 89' lang='lat' dir='ltr'>incurvata</span> <span class='ocrx_word' id='word_1_818' title='bbox 1984 5287 2130 5342; x_wconf 90' lang='lat' dir='ltr'>erat.</span> 
     </span>
    </p>
   </div>
   <div class='ocr_carea' id='block_1_106' title="bbox 2224 4569 3862 4647">
    <p class='ocr_par' dir='ltr' id='par_1_106' title="bbox 2224 4569 3862 4647">
     <span class='ocr_line' id='line_1_107' title="bbox 2224 4569 3862 4647; baseline 0 -20"><span class='ocrx_word' id='word_1_819' title='bbox 2224 4595 2309 4636; x_wconf 88' lang='grc' dir='ltr'>νος</span> <span class='ocrx_word' id='word_1_820' title='bbox 2363 4571 2444 4626; x_wconf 80' lang='grc' dir='ltr'>ὅτι</span> <span class='ocrx_word' id='word_1_821' title='bbox 2498 4571 2586 4626; x_wconf 85' lang='grc' dir='ltr'>καὶ</span> <span class='ocrx_word' id='word_1_822' title='bbox 2638 4571 2791 4634; x_wconf 76' lang='grc' dir='ltr'>αὒτὸς</span> <span class='ocrx_word' id='word_1_823' title='bbox 2837 4569 3025 4637; x_wconf 79' lang='grc' dir='ltr'>ἐπίσης</span> <span class='ocrx_word' id='word_1_824' title='bbox 3064 4569 3260 4647; x_wconf 87' lang='grc' dir='ltr'>γυμνός</span> <span class='ocrx_word' id='word_1_825' title='bbox 3305 4569 3443 4627; x_wconf 79' lang='grc' dir='ltr'>ἐστιν</span> <span class='ocrx_word' id='word_1_826' title='bbox 3477 4570 3599 4627; x_wconf 77' lang='grc' dir='ltr'>ὅσον</span> <span class='ocrx_word' id='word_1_827' title='bbox 3657 4574 3740 4629; x_wconf 86' lang='grc' dir='ltr'>ἐπὶ</span> <span class='ocrx_word' id='word_1_828' title='bbox 3795 4578 3862 4646; x_wconf 77' lang='grc' dir='ltr'>τῇ</span> 
     </span>
    </p>
   </div>
   <div class='ocr_carea' id='block_1_107' title="bbox 2223 4656 3864 4738">
    <p class='ocr_par' dir='ltr' id='par_1_107' title="bbox 2223 4656 3864 4738">
     <span class='ocr_line' id='line_1_108' title="bbox 2223 4656 3864 4738; baseline 0.001 -20"><span class='ocrx_word' id='word_1_829' title='bbox 2223 4663 2387 4731; x_wconf 78' lang='grc' dir='ltr'>οἰκείᾳ</span> <span class='ocrx_word' id='word_1_830' title='bbox 2429 4657 2666 4738; x_wconf 82' lang='grc' dir='ltr'>δυνάμει,</span> <span class='ocrx_word' id='word_1_831' title='bbox 2748 4657 2944 4738; x_wconf 81' lang='grc' dir='ltr'>δωρεὰν</span> <span class='ocrx_word' id='word_1_832' title='bbox 3013 4657 3067 4714; x_wconf 75' lang='grc' dir='ltr'>δὲ</span> <span class='ocrx_word' id='word_1_833' title='bbox 3118 4656 3325 4726; x_wconf 73' lang='grc' dir='ltr'>ἐνεδόθη</span> <span class='ocrx_word' id='word_1_834' title='bbox 3388 4658 3470 4715; x_wconf 81' lang='grc' dir='ltr'>διὰ</span> <span class='ocrx_word' id='word_1_835' title='bbox 3541 4660 3709 4725; x_wconf 74' lang='grc' dir='ltr'>ἔλεον,</span> <span class='ocrx_word' id='word_1_836' title='bbox 3767 4666 3864 4719; x_wconf 78' lang='grc' dir='ltr'>Διὰ</span> 
     </span>
    </p>
   </div>
   <div class='ocr_carea' id='block_1_108' title="bbox 2223 4750 3863 4829">
    <p class='ocr_par' dir='ltr' id='par_1_108' title="bbox 2223 4750 3863 4829">
     <span class='ocr_line' id='line_1_109' title="bbox 2223 4750 3863 4829; baseline 0.001 -21"><span class='ocrx_word' id='word_1_837' title='bbox 2223 4758 2378 4808; x_wconf 80' lang='grc' dir='ltr'>τοῦτο</span> <span class='ocrx_word' id='word_1_838' title='bbox 2419 4750 2751 4827; x_wconf 77' lang='grc' dir='ltr'>ὑπερήφανος</span> <span class='ocrx_word' id='word_1_839' title='bbox 2798 4751 2824 4804; x_wconf 79' lang='grc' dir='ltr'>ὁ</span> <span class='ocrx_word' id='word_1_840' title='bbox 2857 4756 3167 4827; x_wconf 75' lang='grc' dir='ltr'>Φαρισαῖος,</span> <span class='ocrx_word' id='word_1_841' title='bbox 3222 4751 3295 4812; x_wconf 85' lang='grc' dir='ltr'>ὡς</span> <span class='ocrx_word' id='word_1_842' title='bbox 3347 4750 3509 4821; x_wconf 84' lang='grc' dir='ltr'>οἰκείᾳ</span> <span class='ocrx_word' id='word_1_843' title='bbox 3539 4752 3692 4829; x_wconf 70' lang='grc' dir='ltr'>ἰσχύϊ</span> <span class='ocrx_word' id='word_1_844' title='bbox 3738 4753 3863 4809; x_wconf 82' lang='grc' dir='ltr'>ἐπι-</span> 
     </span>
    </p>
   </div>
   <div class='ocr_carea' id='block_1_109' title="bbox 2225 4838 3863 4920">
    <p class='ocr_par' dir='ltr' id='par_1_109' title="bbox 2225 4838 3863 4920">
     <span class='ocr_line' id='line_1_110' title="bbox 2225 4838 3863 4920; baseline 0.001 -25"><span class='ocrx_word' id='word_1_845' title='bbox 2225 4840 2437 4920; x_wconf 74' lang='grc' dir='ltr'>γράφων</span> <span class='ocrx_word' id='word_1_846' title='bbox 2478 4840 2543 4893; x_wconf 81' lang='grc' dir='ltr'>τὰ</span> <span class='ocrx_word' id='word_1_847' title='bbox 2596 4838 2910 4915; x_wconf 84' lang='grc' dir='ltr'>εἰργασμένα</span> <span class='ocrx_word' id='word_1_848' title='bbox 2949 4857 2961 4871; x_wconf 92' lang='grc'><strong>·</strong></span> <span class='ocrx_word' id='word_1_849' title='bbox 3008 4838 3281 4894; x_wconf 77' lang='grc' dir='ltr'>κάντεῦθεν</span> <span class='ocrx_word' id='word_1_850' title='bbox 3341 4838 3561 4917; x_wconf 68' lang='grc' dir='ltr'>’ὅπήχθη</span> <span class='ocrx_word' id='word_1_851' title='bbox 3619 4843 3863 4905; x_wconf 75' lang='grc' dir='ltr'>καὶτοὺς</span> 
     </span>
    </p>
   </div>
   <div class='ocr_carea' id='block_1_110' title="bbox 2223 4925 3861 5007">
    <p class='ocr_par' dir='ltr' id='par_1_110' title="bbox 2223 4925 3861 5007">
     <span class='ocr_line' id='line_1_111' title="bbox 2223 4925 3861 5007; baseline 0.001 -23"><span class='ocrx_word' id='word_1_852' title='bbox 2223 4927 2411 4991; x_wconf 76' lang='grc' dir='ltr'>ἄλλους</span> <span class='ocrx_word' id='word_1_853' title='bbox 2488 4928 2838 5004; x_wconf 84' lang='grc' dir='ltr'>κατακρίνειν,</span> <span class='ocrx_word' id='word_1_854' title='bbox 2927 4925 3367 5001; x_wconf 86' lang='grc' dir='ltr'>Ἐπισημαίνεται</span> <span class='ocrx_word' id='word_1_855' title='bbox 3438 4925 3491 4982; x_wconf 76' lang='grc' dir='ltr'>δὲ</span> <span class='ocrx_word' id='word_1_856' title='bbox 3575 4931 3602 4984; x_wconf 88' lang='grc' dir='ltr'>ὁ</span> <span class='ocrx_word' id='word_1_857' title='bbox 3678 4932 3861 5007; x_wconf 77' lang='grc' dir='ltr'>Κύριος</span> 
     </span>
    </p>
   </div>
   <div class='ocr_carea' id='block_1_111' title="bbox 2222 5014 3863 5095">
    <p class='ocr_par' dir='ltr' id='par_1_111' title="bbox 2222 5014 3863 5095">
     <span class='ocr_line' id='line_1_112' title="bbox 2222 5014 3863 5095; baseline 0.001 -21"><span class='ocrx_word' id='word_1_858' title='bbox 2222 5020 2307 5075; x_wconf 82' lang='grc' dir='ltr'>καὶ</span> <span class='ocrx_word' id='word_1_859' title='bbox 2362 5015 2442 5072; x_wconf 76' lang='grc' dir='ltr'>διὰ</span> <span class='ocrx_word' id='word_1_860' title='bbox 2486 5024 2599 5089; x_wconf 73' lang='grc' dir='ltr'>τοῦ,</span> <span class='ocrx_word' id='word_1_861' title='bbox 2647 5018 2882 5089; x_wconf 83' lang='grc' dir='ltr'>Σταθεὶς,</span> <span class='ocrx_word' id='word_1_862' title='bbox 2929 5016 2989 5070; x_wconf 77' lang='grc' dir='ltr'>τὰ</span> <span class='ocrx_word' id='word_1_863' title='bbox 3040 5014 3345 5095; x_wconf 68' lang='grc' dir='ltr'>ὑψηλόφρον</span> <span class='ocrx_word' id='word_1_864' title='bbox 3396 5018 3550 5074; x_wconf 78' lang='grc' dir='ltr'>αὐτοῦ</span> <span class='ocrx_word' id='word_1_865' title='bbox 3598 5021 3684 5075; x_wconf 83' lang='grc' dir='ltr'>καὶ</span> <span class='ocrx_word' id='word_1_866' title='bbox 3727 5020 3863 5076; x_wconf 73' lang='grc' dir='ltr'>ἆτα-</span> 
     </span>
    </p>
   </div>
   <div class='ocr_carea' id='block_1_112' title="bbox 2222 5104 3858 5188">
    <p class='ocr_par' dir='ltr' id='par_1_112' title="bbox 2222 5104 3858 5188">
     <span class='ocr_line' id='line_1_113' title="bbox 2222 5104 3858 5188; baseline 0.001 -25"><span class='ocrx_word' id='word_1_867' title='bbox 2222 5108 2475 5163; x_wconf 83' lang='grc' dir='ltr'>πείνωτον</span> <span class='ocrx_word' id='word_1_868' title='bbox 2511 5120 2524 5134; x_wconf 84' lang='grc'><em>’</em></span> <span class='ocrx_word' id='word_1_869' title='bbox 2573 5110 2664 5161; x_wconf 82' lang='grc' dir='ltr'>τοῦ</span> <span class='ocrx_word' id='word_1_870' title='bbox 2720 5105 2816 5179; x_wconf 76' lang='grc' dir='ltr'>μὲν</span> <span class='ocrx_word' id='word_1_871' title='bbox 2875 5104 2972 5183; x_wconf 82' lang='grc' dir='ltr'>γὰρ</span> <span class='ocrx_word' id='word_1_872' title='bbox 3002 5105 3409 5184; x_wconf 59' lang='grc' dir='ltr'>ταπεινόφρονος</span> <span class='ocrx_word' id='word_1_873' title='bbox 3438 5107 3524 5161; x_wconf 81' lang='grc' dir='ltr'>καὶ</span> <span class='ocrx_word' id='word_1_874' title='bbox 3553 5108 3614 5162; x_wconf 77' lang='grc' dir='ltr'>τὸ</span> <span class='ocrx_word' id='word_1_875' title='bbox 3645 5109 3858 5188; x_wconf 84' lang='grc' dir='ltr'>ὠρώμε-</span> 
     </span>
    </p>
   </div>
   <div class='ocr_carea' id='block_1_113' title="bbox 2222 5191 3862 5275">
    <p class='ocr_par' dir='ltr' id='par_1_113' title="bbox 2222 5191 3862 5275">
     <span class='ocr_line' id='line_1_114' title="bbox 2222 5191 3862 5275; baseline 0.004 -26"><span class='ocrx_word' id='word_1_876' title='bbox 2222 5215 2309 5252; x_wconf 80' lang='grc' dir='ltr'>νον</span> <span class='ocrx_word' id='word_1_877' title='bbox 2364 5200 2632 5267; x_wconf 85' lang='grc' dir='ltr'>ταπεινὸν,</span> <span class='ocrx_word' id='word_1_878' title='bbox 2691 5196 2839 5257; x_wconf 80' lang='grc' dir='ltr'>οὗτος</span> <span class='ocrx_word' id='word_1_879' title='bbox 2885 5191 2937 5248; x_wconf 76' lang='grc' dir='ltr'>δὲ</span> <span class='ocrx_word' id='word_1_880' title='bbox 2980 5197 3067 5249; x_wconf 80' lang='grc' dir='ltr'>καὶ</span> <span class='ocrx_word' id='word_1_881' title='bbox 3102 5199 3179 5267; x_wconf 84' lang='grc' dir='ltr'>τῷ</span> <span class='ocrx_word' id='word_1_882' title='bbox 3231 5195 3473 5272; x_wconf 80' lang='grc' dir='ltr'>σχήματι</span> <span class='ocrx_word' id='word_1_883' title='bbox 3529 5194 3862 5275; x_wconf 78' lang='grc' dir='ltr'>σοϐαρότητα</span> 
     </span>
    </p>
   </div>
   <div class='ocr_carea' id='block_1_114' title="bbox 2217 5280 3865 5363">
    <p class='ocr_par' dir='ltr' id='par_1_114' title="bbox 2217 5280 3865 5363">
     <span class='ocr_line' id='line_1_115' title="bbox 2217 5280 3865 5363; baseline 0.003 -25"><span class='ocrx_word' id='word_1_884' title='bbox 2217 5282 2566 5343; x_wconf 83' lang='grc' dir='ltr'>ἐπεδείκνυτο,</span> <span class='ocrx_word' id='word_1_885' title='bbox 2631 5283 2687 5337; x_wconf 72' lang='lat' dir='ltr'>Ei</span> <span class='ocrx_word' id='word_1_886' title='bbox 2745 5280 2799 5336; x_wconf 79' lang='grc' dir='ltr'>δὲ</span> <span class='ocrx_word' id='word_1_887' title='bbox 2842 5280 2935 5337; x_wconf 78' lang='grc' dir='ltr'>καί</span> <span class='ocrx_word' id='word_1_888' title='bbox 2994 5282 3111 5353; x_wconf 82' lang='grc' dir='ltr'>περὶ</span> <span class='ocrx_word' id='word_1_889' title='bbox 3165 5288 3258 5338; x_wconf 83' lang='grc' dir='ltr'>τοῦ</span> <span class='ocrx_word' id='word_1_890' title='bbox 3286 5281 3514 5338; x_wconf 86' lang='grc' dir='ltr'>τελώνου</span> <span class='ocrx_word' id='word_1_891' title='bbox 3545 5283 3754 5363; x_wconf 75' lang='grc' dir='ltr'>εἴρηται</span> <span class='ocrx_word' id='word_1_892' title='bbox 3797 5288 3865 5343; x_wconf 73' lang='grc' dir='ltr'>τὰ</span> 
     </span>
    </p>
   </div>
   <div class='ocr_carea' id='block_1_115' title="bbox 498 5367 2151 5455">
    <p class='ocr_par' dir='ltr' id='par_1_115' title="bbox 498 5367 2135 5443">
     <span class='ocr_line' id='line_1_116' title="bbox 498 5367 2135 5443; baseline -0.001 -11"><span class='ocrx_word' id='word_1_893' title='bbox 498 5370 659 5432; x_wconf 89' lang='lat' dir='ltr'>Illius</span> <span class='ocrx_word' id='word_1_894' title='bbox 681 5378 875 5431; x_wconf 91' lang='lat' dir='ltr'>autem</span> <span class='ocrx_word' id='word_1_895' title='bbox 906 5376 963 5429; x_wconf 92' lang='lat' dir='ltr'>et</span> <span class='ocrx_word' id='word_1_896' title='bbox 983 5369 1137 5430; x_wconf 90' lang='lat' dir='ltr'>oculi</span> <span class='ocrx_word' id='word_1_897' title='bbox 1167 5369 1227 5429; x_wconf 92' lang='lat' dir='ltr'>in</span> <span class='ocrx_word' id='word_1_898' title='bbox 1252 5370 1471 5430; x_wconf 72' lang='lat' dir='ltr'>calum</span> <span class='ocrx_word' id='word_1_899' title='bbox 1496 5367 2014 5443; x_wconf 80' lang='lat' dir='ltr'>extollebantur,et</span> <span class='ocrx_word' id='word_1_900' title='bbox 2033 5386 2135 5430; x_wconf 92' lang='lat' dir='ltr'>cor</span> 
     </span>
    </p>
   </div>
   <div class='ocr_carea' id='block_1_116' title="bbox 2235 5367 3862 5455">
    <p class='ocr_par' dir='ltr' id='par_1_116' title="bbox 2235 5370 3862 5455">
     <span class='ocr_line' id='line_1_117' title="bbox 2235 5370 3862 5455; baseline 0.002 -27"><span class='ocrx_word' id='word_1_901' title='bbox 2235 5374 2407 5452; x_wconf 74' lang='grc' dir='ltr'>ιστὼς,</span> <span class='ocrx_word' id='word_1_902' title='bbox 2440 5370 2557 5426; x_wconf 76' lang='grc' dir='ltr'>ἀλλ’</span> <span class='ocrx_word' id='word_1_903' title='bbox 2589 5370 2684 5449; x_wconf 74' lang='grc' dir='ltr'>ὅρα</span> <span class='ocrx_word' id='word_1_904' title='bbox 2713 5372 2798 5426; x_wconf 84' lang='grc' dir='ltr'>καὶ</span> <span class='ocrx_word' id='word_1_905' title='bbox 2830 5372 2891 5426; x_wconf 74' lang='grc' dir='ltr'>τὸ</span> <span class='ocrx_word' id='word_1_906' title='bbox 2921 5370 3131 5450; x_wconf 75' lang='grc' dir='ltr'>ἐφεξῆς,</span> <span class='ocrx_word' id='word_1_907' title='bbox 3168 5370 3247 5427; x_wconf 77' lang='grc' dir='ltr'>ὅτι</span> <span class='ocrx_word' id='word_1_908' title='bbox 3309 5370 3421 5428; x_wconf 74' lang='grc' dir='ltr'>οὖδὲ</span> <span class='ocrx_word' id='word_1_909' title='bbox 3476 5374 3598 5439; x_wconf 74' lang='grc' dir='ltr'>τοὺς</span> <span class='ocrx_word' id='word_1_910' title='bbox 3656 5374 3862 5455; x_wconf 72' lang='grc' dir='ltr'>ὀφθαλ-</span> 
     </span>
    </p>
   </div>
   <div class='ocr_carea' id='block_1_117' title="bbox 495 5457 2151 5540">
    <p class='ocr_par' dir='ltr' id='par_1_117' title="bbox 495 5457 2133 5522">
     <span class='ocr_line' id='line_1_118' title="bbox 495 5457 2133 5522; baseline -0.002 -1"><span class='ocrx_word' id='word_1_911' title='bbox 495 5461 668 5522; x_wconf 80' lang='lat' dir='ltr'>siniul</span> <span class='ocrx_word' id='word_1_912' title='bbox 692 5457 1266 5520; x_wconf 85' lang='lat' dir='ltr'>extollebatur.Vide</span> <span class='ocrx_word' id='word_1_913' title='bbox 1293 5466 1487 5519; x_wconf 89' lang='lat' dir='ltr'>autem</span> <span class='ocrx_word' id='word_1_914' title='bbox 1514 5464 1573 5518; x_wconf 91' lang='lat' dir='ltr'>et</span> <span class='ocrx_word' id='word_1_915' title='bbox 1602 5457 1659 5516; x_wconf 95' lang='lat' dir='ltr'>in</span> <span class='ocrx_word' id='word_1_916' title='bbox 1690 5457 1952 5519; x_wconf 90' lang='lat' dir='ltr'>oratione</span> <span class='ocrx_word' id='word_1_917' title='bbox 1973 5459 2133 5521; x_wconf 91' lang='lat' dir='ltr'>Pha-</span> 
     </span>
    </p>
   </div>
   <div class='ocr_carea' id='block_1_118' title="bbox 2235 5457 3861 5540">
    <p class='ocr_par' dir='ltr' id='par_1_118' title="bbox 2235 5460 3861 5539">
     <span class='ocr_line' id='line_1_119' title="bbox 2235 5460 3861 5539; baseline 0.001 -20"><span class='ocrx_word' id='word_1_918' title='bbox 2235 5465 2346 5525; x_wconf 79' lang='grc' dir='ltr'>ιοὺς</span> <span class='ocrx_word' id='word_1_919' title='bbox 2402 5460 2585 5528; x_wconf 63' lang='grc' dir='ltr'>ἤθελε)</span> <span class='ocrx_word' id='word_1_920' title='bbox 2641 5462 2713 5524; x_wconf 88' lang='grc' dir='ltr'>εἰς</span> <span class='ocrx_word' id='word_1_921' title='bbox 2770 5462 2862 5517; x_wconf 83' lang='grc' dir='ltr'>τὸν</span> <span class='ocrx_word' id='word_1_922' title='bbox 2905 5460 3118 5539; x_wconf 70' lang='grc' dir='ltr'>οὐρανὸν</span> <span class='ocrx_word' id='word_1_923' title='bbox 3169 5460 3378 5538; x_wconf 81' lang='grc' dir='ltr'>ἐπᾶραι,</span> <span class='ocrx_word' id='word_1_924' title='bbox 3425 5462 3565 5518; x_wconf 84' lang='grc' dir='ltr'>ὥστε</span> <span class='ocrx_word' id='word_1_925' title='bbox 3609 5465 3642 5533; x_wconf 78' lang='grc' dir='ltr'>ἡ</span> <span class='ocrx_word' id='word_1_926' title='bbox 3674 5466 3861 5529; x_wconf 81' lang='grc' dir='ltr'>στάσις</span> 
     </span>
    </p>
   </div>
   <div class='ocr_carea' id='block_1_119' title="bbox 492 5545 2151 5633">
    <p class='ocr_par' dir='ltr' id='par_1_119' title="bbox 492 5545 2126 5626">
     <span class='ocr_line' id='line_1_120' title="bbox 492 5545 2126 5626; baseline -0.001 -16"><span class='ocrx_word' id='word_1_927' title='bbox 492 5550 653 5611; x_wconf 86' lang='lat' dir='ltr'>risai</span> <span class='ocrx_word' id='word_1_928' title='bbox 674 5546 1113 5626; x_wconf 91' lang='lat' dir='ltr'>ordinem,quid</span> <span class='ocrx_word' id='word_1_929' title='bbox 1136 5547 1358 5608; x_wconf 89' lang='lat' dir='ltr'>indicet</span> <span class='ocrx_word' id='word_1_930' title='bbox 1378 5545 1580 5606; x_wconf 90' lang='lat' dir='ltr'>nobis:</span> <span class='ocrx_word' id='word_1_931' title='bbox 1606 5545 1862 5625; x_wconf 90' lang='lat' dir='ltr'>primum</span> <span class='ocrx_word' id='word_1_932' title='bbox 1887 5546 2126 5626; x_wconf 85' lang='lat' dir='ltr'>quidem</span> 
     </span>
    </p>
   </div>
   <div class='ocr_carea' id='block_1_120' title="bbox 2235 5545 3861 5633">
    <p class='ocr_par' dir='ltr' id='par_1_120' title="bbox 2235 5548 3861 5633">
     <span class='ocr_line' id='line_1_121' title="bbox 2235 5548 3861 5633; baseline 0.001 -24"><span class='ocrx_word' id='word_1_933' title='bbox 2235 5554 2354 5627; x_wconf 78' lang='grc' dir='ltr'>ιῦτῷ</span> <span class='ocrx_word' id='word_1_934' title='bbox 2413 5560 2767 5629; x_wconf 74' lang='grc' dir='ltr'>συγκεκυφυϊα</span> <span class='ocrx_word' id='word_1_935' title='bbox 2812 5550 2900 5619; x_wconf 72' lang='grc' dir='ltr'>ἦν.</span> <span class='ocrx_word' id='word_1_936' title='bbox 2961 5548 3193 5623; x_wconf 73' lang='grc' dir='ltr'>Ἐκείνου</span> <span class='ocrx_word' id='word_1_937' title='bbox 3240 5548 3294 5605; x_wconf 79' lang='grc' dir='ltr'>δὲ</span> <span class='ocrx_word' id='word_1_938' title='bbox 3355 5552 3439 5607; x_wconf 79' lang='grc' dir='ltr'>καὶ</span> <span class='ocrx_word' id='word_1_939' title='bbox 3496 5553 3541 5607; x_wconf 80' lang='grc' dir='ltr'>οἱ</span> <span class='ocrx_word' id='word_1_940' title='bbox 3594 5552 3861 5633; x_wconf 79' lang='grc' dir='ltr'>ὀφθαλμοί</span> 
     </span>
    </p>
   </div>
   <div class='ocr_carea' id='block_1_121' title="bbox 493 5635 2151 5720">
    <p class='ocr_par' dir='ltr' id='par_1_121' title="bbox 493 5635 2130 5718">
     <span class='ocr_line' id='line_1_122' title="bbox 493 5635 2130 5718; baseline 0 -18"><span class='ocrx_word' id='word_1_941' title='bbox 493 5639 637 5700; x_wconf 83' lang='lat' dir='ltr'>dixit</span> <span class='ocrx_word' id='word_1_942' title='bbox 670 5653 737 5698; x_wconf 91' lang='lat' dir='ltr'>ea</span> <span class='ocrx_word' id='word_1_943' title='bbox 765 5654 894 5715; x_wconf 83' lang='lat' dir='ltr'>qua</span> <span class='ocrx_word' id='word_1_944' title='bbox 935 5654 1053 5695; x_wconf 91' lang='lat' dir='ltr'>non</span> <span class='ocrx_word' id='word_1_945' title='bbox 1085 5645 1293 5698; x_wconf 91' lang='lat' dir='ltr'>erant:</span> <span class='ocrx_word' id='word_1_946' title='bbox 1330 5644 1388 5698; x_wconf 89' lang='lat' dir='ltr'>et</span> <span class='ocrx_word' id='word_1_947' title='bbox 1418 5644 1554 5696; x_wconf 88' lang='lat' dir='ltr'>tunc</span> <span class='ocrx_word' id='word_1_948' title='bbox 1600 5635 1970 5698; x_wconf 87' lang='lat' dir='ltr'>enumeravit</span> <span class='ocrx_word' id='word_1_949' title='bbox 1998 5656 2130 5718; x_wconf 81' lang='lat' dir='ltr'>qua</span> 
     </span>
    </p>
   </div>
   <div class='ocr_carea' id='block_1_122' title="bbox 2235 5635 3853 5720">
    <p class='ocr_par' dir='ltr' id='par_1_122' title="bbox 2238 5639 3853 5720">
     <span class='ocr_line' id='line_1_123' title="bbox 2238 5639 3853 5720; baseline 0.001 -20"><span class='ocrx_word' id='word_1_950' title='bbox 2238 5645 2283 5707; x_wconf 84' lang='grc' dir='ltr'>ἰς</span> <span class='ocrx_word' id='word_1_951' title='bbox 2309 5642 2399 5698; x_wconf 82' lang='grc' dir='ltr'>τὸν</span> <span class='ocrx_word' id='word_1_952' title='bbox 2427 5640 2640 5718; x_wconf 75' lang='grc' dir='ltr'>οὐρανὸν</span> <span class='ocrx_word' id='word_1_953' title='bbox 2698 5639 2983 5719; x_wconf 61' lang='grc' dir='ltr'>ἐπήροντο,</span> <span class='ocrx_word' id='word_1_954' title='bbox 3045 5641 3131 5697; x_wconf 81' lang='grc' dir='ltr'>καὶ</span> <span class='ocrx_word' id='word_1_955' title='bbox 3186 5640 3255 5715; x_wconf 71' lang='grc' dir='ltr'>τῇ</span> <span class='ocrx_word' id='word_1_956' title='bbox 3284 5639 3464 5718; x_wconf 75' lang='grc' dir='ltr'>καρδίᾳ</span> <span class='ocrx_word' id='word_1_957' title='bbox 3508 5648 3853 5720; x_wconf 77' lang='grc' dir='ltr'>συνυψοῦντο.</span> 
     </span>
    </p>
   </div>
   <div class='ocr_carea' id='block_1_123' title="bbox 4040 314 4078 1119">
    <p class='ocr_par' dir='ltr' id='par_1_123' title="bbox 4044 318 4074 1115">
     <span class='ocr_line' id='line_1_124' title="bbox 4044 318 4074 1115; baseline 0 -750"><span class='ocrx_word' id='word_1_958' title='bbox 4044 318 4074 1115; x_wconf 36' lang='grc' dir='ltr'>γ</span> 
     </span>
    </p>
   </div>
  </div>
