4140 6280
312 372 467 435 1005

996 370 1441 441 ENARRATIO
1486 376 1567 441 ΙΝ
1613 370 2119 443 EVANGELIUM
2166 371 2406 444 LUC/E.
2443 414 2514 426 —
2560 374 2722 445 CAP.
2772 372 2995 447 XVIII.

3525 389 3547 445 l
3563 384 3679 448 006

338 494 459 582 Ὀρα
501 504 553 560 δὲ
598 506 696 562 κάν
740 512 804 583 τῇ
846 514 936 563 τοῦ
969 508 1263 586 Φαρισαίου
1308 512 1445 590 εἰ)χῇ
1476 511 1617 576 τάξιν
1644 509 1925 568 ὑποδεικνυ¹

2036 517 2223 570 erant.
2254 510 2411 571 Dixit
2435 514 2591 572 enim
2621 533 2635 572 :
2670 511 2797 574 Non
2820 532 2949 574 sum
2974 515 3127 576 sicut
3148 515 3316 575 multi
3334 515 3669 594 hominum,

306 592 473 660 μένην
529 597 686 668 ἡμῖν,
748 598 1004 674 Πρότερον
1063 600 1159 676 γὰρ
1220 600 1375 656 εἶπεν
1432 601 1464 655 ἃ
1520 600 1614 656 οὐκ
1662 598 1794 669 ἔστι,
1860 622 1924 655 κα

2030 597 2127 657 illa
2160 608 2218 659 et
2247 601 2372 681 illa,
2404 601 2623 662 deinde
2658 602 2931 681 apposuit
2961 621 3093 682 quae
3124 606 3351 665 vtrtutis
3381 614 3572 679 erant,
3612 592 3672 665 ut

300 682 421 737 τότε
468 682 739 748 κατέλεξεν
789 686 822 740 ἃ
878 685 1041 741 ἔστιν.
1091 689 1265 743 Εἰπὼν
1321 690 1442 767 γὰρ,
1500 680 1627 745 ΗΟτι
1688 689 1782 744 οὒκ
1839 690 1942 763 εἰμὶ

298 776 372 835 ὼς
430 774 476 827 οἱ
528 771 714 830 πολλοὶ
769 775 874 830 τῶν
930 776 1215 854 ἀνθρώπων
1271 776 1392 833 τάδε
1444 780 1531 833 καὶ
1586 776 1734 857 τάδε,
1777 799 1942 855 προση

298 860 455 925 έθηκε
500 864 586 920 καὶ
628 862 694 918 τά
741 864 840 931 τῆς
868 865 1082 942 ἀρετῆς.
1131 867 1191 921 τὸ
1240 868 1505 933 νηστεύειν
1539 865 1613 930 δὶς
1643 869 1733 922 τοῦ
1792 864 1934 922 Σαϐ-

293 948 480 1023 ϐάτου,
534 953 621 1008 καὶ
663 955 722 1007 τὸ
754 952 1109 1011 ἀποδεκατοῦν
1155 956 1253 1012 ὅσα
1282 963 1491 1019 κτᾶται,
1556 969 1652 1012 Δεῖ
1705 957 1803 1033 γὰρ
1862 957 1938 1030 μὴ

239 1100 258 1112 ⁸
292 1038 554 1094 ἐκκλίνειν
585 1043 746 1115 μόνον
802 1044 907 1099 ἀπὸ
950 1052 1134 1115 κακοῦ,
1184 1043 1319 1103 ἀλλὰ
1361 1047 1447 1101 καὶ
1495 1058 1671 1101 ποιεῖν
1719 1046 1931 1123 ἀγαθόν.

296 1129 397 1184 Καὶ
457 1130 711 1209 πρότερον
765 1131 847 1188 δεῖ
903 1133 1233 1212 ἀποσχέσθαι
1277 1138 1375 1202 τῆς
1416 1137 1623 1208 κακίας,
1670 1136 1757 1190 καὶ
1818 1136 1936 1189 τότε

287 1217 362 1290 τῇ
392 1217 551 1294 ἀρετῆ
609 1219 972 1299 ἐπιχειρῆσαι,
1034 1221 1211 1297 ὥσπερ
1270 1224 1357 1279 οὖν
1400 1224 1488 1280 καὶ
1516 1228 1701 1300 πηγῆς
1744 1220 1934 1301 βορϐο-

286 1306 548 1381 ρωθείσης
604 1306 738 1385 ὕδωρ
796 1307 1007 1383 μέλλων
1084 1310 1446 1388 ἀπαρύσασθαι
1502 1312 1741 1391 καθαρὸν,
1802 1311 1937 1389 πρό-

286 1413 443 1466 τερον
499 1396 783 1471 ἐκκάθαρον
838 1400 928 1455 τὸν
981 1396 1251 1476 βόρϐορον,
1308 1402 1395 1455 καὶ
1468 1401 1587 1456 τότε
1642 1400 1807 1478 ἀρύσῃ
1877 1400 1935 1455 τὸ

284 1484 538 1561 καθαρόν,
577 1487 673 1541 Καὶ
722 1486 873 1543 τοῦτο
933 1485 986 1542 δὲ
1040 1488 1426 1567 ἐπισκόπησον,
1475 1497 1586 1553 πῶς
1631 1491 1723 1545 οὒκ
1754 1489 1928 1559 εἶπεν,

284 1567 372 1625 ὅτι
431 1574 525 1628 οὐκ
581 1575 685 1647 εἶμί
744 1578 816 1638 ὡς
864 1577 909 1631 οἱ
953 1574 1166 1654 πολλοὶ,
1198 1577 1389 1656 ἅρπαξ,
1437 1579 1657 1656 μοιχὸς,
1690 1575 1806 1632 οὔδε
1835 1577 1934 1656 γάρ

281 1657 600 1726 κατεδέξατο
631 1659 758 1742 ἄχρι
804 1666 890 1720 καὶ
945 1665 1181 1742 ῥήματος
1240 1667 1397 1740 ψιλοῦ
1455 1666 1623 1741 ὄνομα
1649 1663 1932 1732 διαϐεϐλη-

282 1748 448 1820 μένον
501 1757 576 1823 τῷ
659 1750 844 1808 ἑαυτοῦ
930 1754 1200 1831 προσώπῳ
1283 1753 1577 1829 μοναδικῶς
1635 1755 1973 1843 προσάψαι,ι

280 1834 427 1891 ἀλλὰ
480 1837 846 1905 πληθυντικῶς
922 1855 1038 1904 τοῖς
1107 1842 1321 1906 λοιποῖς
1405 1844 1697 1921 ἀνθρώποις
1768 1849 1932 1899 ταῦτα

279 1924 660 2004 προσέῤῥιψεν.
725 1931 898 1986 Εἰπὼν
961 1929 1015 1985 δὲ
1075 1919 1206 1988 ”Οτι
1250 1932 1340 1987 οὖν
1388 1919 1508 2007 εἰμὶ-
1535 1934 1607 1997 ὡς
1655 1934 1701 1989 οἱ
1732 1931 1928 2005 λοιποὶ,

280 2012 545 2081 ἀντέθηκε
601 2018 777 2090 τούτῳ
853 2020 937 2090 τὸ,
1016 2022 1269 2086 Νηστεύω
1343 2020 1414 2084 δὶς
1486 2024 1579 2078 τοῦ
1636 2019 1928 2092 Σαϐϐάτου,

278 2103 550 2180 τουτέστι,
611 2105 847 2185 δευτέρον
903 2108 999 2175 τῆς
1060 2106 1369 2183 ἑϐδομάδος,
1418 2107 1687 2166 Σάϐϐατον
1743 2111 1843 2188 γὰρ
1896 2111 1929 2175 ἡ

281 2188 517 2267 ἑϐδομὰς
570 2194 806 2275 ἐλέγετο,
866 2196 970 2253 ὀιπὸ
1023 2203 1121 2264 τῆς
1173 2198 1492 2265 τελευταίαςξ
1522 2201 1609 2255 καὶ
1639 2200 1932 2254 ἄναπαυσί-

280 2302 391 2368 μου
440 2284 642 2359 ἡμέρας
699 2286 1087 2360 ὀνομαζομένη.
1150 2284 1359 2343 Σαϐϐὰτ
1408 2310 1506 2366 γαρ
1554 2287 1929 2368 ἦᾶνάπαυσις,

280 2366 373 2454 ϐαὶ
429 2370 675 2428 Σάϐϐατα
720 2372 773 2429 δὲ.
836 2376 933 2442 τὴν
991 2373 1250 2451 ἑϐδομάδα
1307 2375 1487 2454 ἔλεγον
1542 2366 1926 2443 πληθυντικῶςξ

287 2448 459 2515 εὈθεν
513 2465 600 2519 καὶ
655 2464 773 2518 κίαν
830 2448 1124 2520 Σαϐϐάτων
1158 2466 1258 2531 τὴν
1306 2448 1523 2543 πρωτην
1575 2466 1777 2542 ἡμέραν
1831 2470 1929 2531 τῆς

280 2544 573 2631 ἑϐδομάδος
633 2550 729 2617 τὴν
790 2550 912 2628 παρ’
970 2554 1107 2627 ἡμῖν
1165 2554 1435 2631 Κυριακθψ
1484 2552 1735 2611 ἐκάλουν·
1792 2555 1931 2631 παρὰ

281 2636 386 2713 γὰρ
443 2628 698 2713 Ἐϐραίοις
750 2642 810 2696 τὸ
856 2642 980 2714 μίαν
1022 2643 1211 2697 ταυτὸν
1249 2628 1517 2716 *σημαίνει
1569 2647 1644 2714 τῷ
1684 2628 1923 2720 πρώτην.

286 2723 500 2789 ’¹Οντος
530 2751 616 2784 και
670 2730 845 2803 ἑτέρου
895 2728 1055 2807 λόγου
1084 2731 1365 2808 βαθυτέρου
1399 2750 1413 2765 ⁶
1446 2732 1576 2809 πρὸς
1608 2732 1704 2805 μὲν
1736 2733 1823 2785 οὖν
1866 2732 1925 2786 τὸ

279 2812 380 2879 τῆς
427 2816 676 2893 μοιχείας
736 2817 898 2880 πάθος
952 2821 1049 2884 τὴν
1109 2820 1351 2884 νηστείαν
1400 2818 1919 2895 ἀντηλαζωνεύσατο,

278 2904 498 2981 καὶγὰρ
530 2904 633 2960 ἀπὸ
683 2905 879 2984 τρυφῆς
942 2905 971 2973 ἦ
1025 2905 1261 2985 λαγνεία,
1314 2908 1466 2969 αὐτὸς
1526 2908 1622 2982 μὲν
1663 2910 1724 2963 τὸ
1769 2914 1922 2982 σῶμα

278 2990 367 3046 διὰ
423 2994 666 3059 νηστείας
699 2994 911 3075 ἄγχων,
946 2995 1080 3053 πολὺ
1117 2998 1319 3077 ἀπεῖχε
1368 2998 1473 3053 τῶν
1531 2998 1779 3053 τοιούτων
1810 3019 1919 3052 πα-

276 3083 405 3138 θὼν.
462 3081 775 3152 Ἐνήστευον
835 3083 880 3139 δ’
930 3085 1028 3162 ἄρα
1083 3090 1129 3141 οἱ
1186 3093 1466 3164 Φαρισαῖοι
1511 3084 1774 3164 δευτέραν,
1835 3065 1977 3142 autc

280 3168 556 3242 πέμπτην,
592 3174 726 3251 Πρὸς
758 3171 811 3227 δὲ
840 3175 926 3251 τὸ,
975 3171 1261 3254 "Ap-itaqu;
1305 3177 1392 3231 καὶ
1442 3173 1632 3249 ἄδικοι,
1689 3174 1921 3239 ἐντέταξε

280 3258 368 3327 τὸ,
428 3257 767 3318 Ἀποδεκατῶ
809 3261 907 3317 ὅσα
951 3270 1159 3337 κτῶμαι
1195 3281 1209 3294 '
1272 3270 1518 3321 τοσοῦτον
1561 3265 1680 3342 γὰρ,
1738 3266 1915 3343 φησὶν,

280 3345 614 3422 ἐναντιοῦμαι
664 3356 731 3426 τῇ
791 3351 1031 3429 ἁρπαγῇ,
1092 3353 1179 3407 καὶ
1248 3351 1442 3425 ἀδικίᾳ,
1503 3352 1639 3409 ὥστε
1708 3354 1795 3408 καὶ
1855 3354 1921 3407 τὰ

276 3434 507 3509 ἐμαυτοῦ
573 3438 915 3517 προσδίδωμι.
1004 3432 1067 3497 Ἠ
1146 3440 1200 3497 δὲ
1276 3438 1562 3505 δεκάτωσις
1620 3439 1769 3498 δοκεῖ
1826 3441 1921 3515 μέν

275 3524 411 3581 τίσιν
456 3525 641 3591 ἁπλῶς
672 3531 760 3586 καί
816 3528 953 3595 ἅπαξ
1009 3532 1150 3609 παρὰ
1201 3530 1291 3586 τοῦ
1317 3531 1479 3605 νόμου
1508 3528 1918 3610 διαγορεύεσθαι,

272 3628 395 3676 ’τοῖς
466 3613 520 3670 δὲ
575 3618 772 3693 βαθέως
851 3619 1130 3697 ἐρευνῶσιν
1198 3622 1374 3695 αὐτὸν,
1432 3619 1721 3698 εὑρίσκεται
1777 3633 1920 3697 τρεῖς

272 3701 567 3769 δεκατώσις
628 3709 1028 3789 εἰσηγούμενος,
1091 3711 1179 3766 καὶ
1236 3716 1392 3765 τοῦτο
1436 3707 1496 3765 ἐκ
1542 3716 1634 3766 τοῦ
1667 3717 1918 3781 Δευτερο-

274 3794 460 3866 νομίου
505 3798 718 3873 μαθήσῃ
764 3796 1017 3876 ακριϐὡς,
1069 3797 1362 3867 ἐπιστήσας
1405 3800 1496 3854 τὸν
1538 3804 1681 3854 νοῦν’
1745 3805 1921 3855 Καῦτα

270 3883 375 3957 μὲν
425 3884 512 3942 οὖν
567 3888 595 3943 ὁ
651 3893 943 3966 Φαρισαῖος
977 3906 993 3924 ⁸
1026 3886 1055 3944 ὅ
1085 3886 1138 3943 δὲ
1194 3886 1433 3954 τελώνης
1462 3887 1635 3944 πάντα
1672 3888 1739 3943 τὰ
1767 3886 1922 3943 ἐναν-

270 3974 382 4035 τία,
443 3977 713 4050 Μακρόθεν
765 3976 865 4054 γὰρ
916 3976 1104 4033 ’ίστανο
1146 3977 1234 4033 καὶ
1263 3977 1530 4055 σχήματι,
1581 3976 1669 4031 καὶ
1697 3976 1914 4053 ῥήματι,

270 4063 362 4117 καὶ
419 4062 693 4129 κατανύξει
742 4062 954 4142 καρδίας
1006 4063 1261 4140 πάμπολυ
1309 4063 1531 4142 ἀπέχων
1596 4064 1774 4138 αὐτοῦ,
1834 4078 1918 4119 καί

270 4150 334 4206 οὒ
390 4153 539 4226 μόνῳ
571 4159 649 4226 τῷ
677 4157 882 4228 τοπικῷ
924 4153 1242 4228 διαστήματι
1276 4170 1289 4185 ⁸
1339 4154 1462 4214 τοὺς
1503 4174 1561 4208 τε
1590 4154 1689 4231 γὰρ
1717 4152 1917 4231 ὀφθαλ-

271 4240 404 4313 μοὺς
456 4239 641 4316 ᾐδεῖτο
684 4243 756 4306 εἰς
800 4244 890 4299 τὸν
935 4243 1153 4321 οὐρανὸν
1197 4242 1340 4320 ἆραι,
1372 4238 1607 4306 ἀναξίους
1658 4246 1757 4308 τῆς
1813 4244 1916 4297 τῶν

2019 686 2296 765 jejunare
2317 689 2408 750 bis
2438 690 2496 750 in
2522 689 2800 765 Sabbato,
2827 700 2881 751 et
2911 690 3175 752 decimas
3198 692 3339 753 dare
3372 694 3443 754 de
3469 694 3668 754 omni-

2027 773 2135 836 bus
2166 796 2295 856 quze
2328 778 2690 856 possidebat.
2725 776 2971 859 Oportet
2992 786 3147 841 enim
3182 801 3300 842 non
3332 783 3521 842 solum
3558 781 3667 842 de-

2023 863 2246 925 clinare
2278 884 2309 925 a
2337 868 2509 941 male,
2540 867 2642 927 sed
2667 876 2722 927 et
2744 867 2939 929 facere
2963 867 3284 932 bonum.Et
3309 870 3470 948 prius
3492 890 3666 950 opor~

2025 958 2103 1012 tet
2135 952 2420 1014 absistere
2452 974 2483 1014 a
2514 954 2692 1025 malo,
2737 963 2793 1015 et
2825 964 3025 1034 postea
3067 956 3334 1017 virtutem
3379 958 3615 1035 aggredi
3655 978 3665 1019 :

2020 1041 2519 1116 quemadmodum
2566 1043 2620 1101 ei
2662 1042 2723 1101 in
2770 1042 2939 1102 fonte
2985 1044 3202 1123 lutoso,
3238 1054 3298 1104 ut
3343 1064 3491 1125 aqua
3523 1064 3669 1125 pura

2019 1127 2263 1203 defluat,
2297 1130 2661 1209 priuslutum
2681 1133 3151 1209 expurgandum,
3193 1143 3253 1195 ut
3285 1134 3525 1195 haurias
3552 1154 3666 1213 pu-

2021 1234 2143 1277 ram
2170 1235 2409 1297 aquam.
2429 1218 2753 1281 Considera
2775 1230 2971 1281 autem
3001 1230 3057 1281 et
3086 1222 3530 1301 hoc,quomodo
3549 1242 3667 1283 non

2019 1306 2334 1385 arripuerit
2388 1326 2626 1386 parvum
2678 1308 2949 1383 verbum,
2995 1318 3056 1369 ut
3094 1310 3378 1389 singulari
3426 1313 3668 1372 nomine

2018 1394 2268 1470 diceret,
2296 1397 2397 1456 sed
2435 1397 2646 1474 plurali
2677 1416 2927 1459 numero
2958 1397 3018 1459 in
3044 1399 3261 1461 multos
3294 1400 3419 1461 haec
3452 1419 3669 1480 expue-

2016 1483 2112 1553 rit.
2134 1483 2390 1545 dicendo
2421 1502 2432 1546 :
2468 1485 2633 1557 Quod
2669 1505 2787 1546 non
2810 1504 2941 1547 sum
2960 1488 3114 1548 sicut
3142 1489 3364 1551 cazteri.
3399 1490 3544 1551 Cum
3565 1508 3668 1550 auo

2019 1582 2135 1633 tem
2168 1574 2436 1650 dixisset,
2469 1573 2597 1636 Non
2642 1594 2772 1636 sum
2828 1576 2979 1636 sicut
3020 1578 3244 1653 caeteri,
3276 1580 3569 1658 apposuit,
3608 1589 3666 1639 et

2018 1660 2163 1722 dixit
2195 1684 2208 1723 :
2244 1664 2459 1742 Jejuno
2490 1663 2582 1726 bis
2611 1664 2671 1723 in
2699 1663 2983 1739 Sabbato,
3018 1666 3129 1726 hoc
3153 1675 3262 1741 est,
3300 1667 3391 1727 bis
3421 1667 3482 1727 in
3508 1666 3661 1729 heb-

1975 1749 2289 1841 ,domade.
2323 1750 2642 1813 Sabbatum
2669 1753 2824 1813 enim
2853 1753 3179 1814 hebdomas
3202 1763 3451 1835 est,quae
3470 1774 3502 1816 a
3524 1776 3662 1816 con-

2015 1841 2412 1901 summatione
2432 1848 2491 1902 et
2514 1841 2717 1920 quieto
2742 1842 2837 1903 die
2861 1842 3218 1906 nominatur.
3245 1843 3657 1924 Sabbatenim,

2015 1927 2183 2006 quies
2210 1948 2225 2003 ;
2255 1930 2397 2009 quin
2421 1938 2479 1989 et
2502 1927 2755 1991 Sabbata
2775 1930 3213 1993 hebdomadam
3239 1932 3517 1994 dicebant
3537 1934 3661 2012 plu-

2016 2015 2120 2075 rali
2153 2036 2423 2081 numero.
2461 2017 2631 2080 Unde
2653 2026 2710 2079 et
2747 2038 2924 2080 unam
2957 2018 3368 2095 Sabbatorum,
3409 2024 3657 2102 primam

2016 2103 2169 2165 diem
2196 2106 2609 2188 hebdomadaa,
2637 2126 2769 2186 qua
2789 2108 2945 2188 apud
2970 2128 3077 2170 nos
3092 2120 3183 2171 est
3204 2112 3536 2185 Dominica,
3563 2131 3660 2171 vo-

2018 2192 2259 2275 cabant;
2289 2194 2744 2275 apudHebraaos
2763 2198 2919 2258 enim
2944 2217 3123 2259 unum
3149 2209 3207 2262 et
3229 2200 3657 2280 primumidem

2014 2281 2227 2359 signat.
2255 2284 2360 2346 Est
2382 2294 2439 2344 et
2460 2286 2609 2345 alius
2644 2286 2991 2364 profundior
3020 2306 3256 2367 sermo;
3294 2307 3427 2350 nam
3457 2298 3661 2349 contra

2013 2371 2367 2432 adulterium
2390 2373 2753 2450 gloriabatur
2784 2377 2860 2435 de
2883 2375 3151 2453 jejunio:
3186 2395 3219 2436 a
3243 2376 3472 2437 deliciis
3498 2379 3655 2437 enim

2016 2460 2355 2536 petulantia.
2407 2460 2540 2541 Ipse
2580 2462 2759 2540 igitur
2806 2481 3023 2543 corpus
3073 2475 3315 2544 propter
3361 2465 3654 2545 jejunium

2012 2568 2428 2627 compescens,
2461 2570 2493 2612 a
2517 2554 2715 2613 multis
2746 2552 3042 2630 ejusmodi
3073 2554 3481 2617 affectionibus
3509 2554 3661 2615 liber

2010 2637 2519 2718 eratJejuuabant
2542 2649 2740 2700 autem
2766 2640 3048 2702 Pharisaei
3068 2642 3332 2701 secunda
3355 2650 3411 2702 et
3429 2642 3654 2723 quinta.

2007 2723 2226 2786 Contra
2242 2728 2510 2807 rapinam
2535 2737 2593 2789 et
2616 2729 2960 2807 injustitiam
2990 2729 3326 2809 proferebat
3355 2730 3653 2792 dationeui

2005 2813 2373 2875 decimarum
2405 2817 2673 2877 omnium
2706 2837 2837 2896 quae
2867 2818 3233 2897 possidebat.
3263 2818 3537 2895 Tantum,
3562 2820 3651 2880 in-

2004 2903 2489 2982 quit,contrarius
2512 2925 2639 2966 sum
2677 2908 2897 2984 rapinae
2928 2916 2985 2968 et
3012 2906 3340 2985 injustitiae,
3381 2917 3443 2968 ut
3474 2908 3650 2970 etiam

2003 3010 2135 3071 quae
2166 3011 2299 3053 mea
2327 3003 2485 3067 sunt,
2519 2995 2875 3074 expendam.
2900 2996 3277 3057 Decimarum
3302 2997 3462 3058 enim
3493 2996 3649 3057 datio

2004 3081 2235 3141 videtur
2264 3081 2612 3161 quibusdam
2665 3083 3017 3162 simpliciter
3064 3086 3204 3143 455
3251 3092 3309 3145 et
3355 3086 3541 3145 semel
3575 3088 3650 3145 de

2002 3167 2131 3247 lege
2153 3171 2497 3249 praedicari:
2528 3172 2621 3232 bis
2644 3181 2840 3232 autem
2871 3172 2970 3252 qui
3005 3174 3347 3252 profundius
3372 3183 3647 3234 scrutan-

2003 3266 2117 3330 tur,
2153 3268 2476 3321 occurrunt
2508 3270 2628 3322 tres
2654 3259 3019 3322 decimarum
3053 3263 3347 3337 dationes,
3373 3280 3519 3342 quas
3548 3261 3645 3322 iu-

2004 3347 2263 3411 troducit
2292 3348 2353 3409 id
2386 3350 2542 3427 quod
2578 3368 2648 3409 ex
2678 3349 3140 3410 Deuteronomio
3173 3350 3392 3424 disces,
3428 3350 3477 3410 si
3506 3350 3648 3411 dili-

2005 3445 2214 3513 genter
2263 3438 2569 3499 intuearis.
2617 3437 2687 3497 Et
2734 3439 2859 3499 haec
2898 3438 3137 3518 quidem
3191 3439 3542 3501 Pharisaaus.
3581 3441 3652 3500 At

2006 3523 2357 3604 publicanus
2379 3526 2637 3587 diversa.
2660 3528 2857 3605 Longe
2880 3526 3038 3587 enim
3058 3525 3339 3601 slabat,et
3358 3525 3646 3603 gestibus,

2004 3622 2063 3672 et
2093 3631 2392 3688 sermone,
2430 3623 2486 3675 et
2535 3615 2992 3695 compunctioue
3043 3615 3241 3676 cordis
3289 3615 3545 3676 distabat
3575 3616 3648 3676 ab

2008 3701 2131 3777 illo,
2163 3712 2282 3764 no’n
2320 3713 2542 3764 tantum
2594 3705 2723 3764 loco
2754 3724 2769 3778 ;
2802 3703 3113 3765 verebatur
3156 3703 3314 3764 enim
3346 3704 3552 3765 oculos
3588 3705 3649 3765 in

2003 3792 2218 3852 caelum
2270 3793 2565 3868 attollere,
2626 3793 2902 3871 indignos
2946 3792 3224 3871 judicans
3266 3792 3366 3873 qui
3411 3812 3645 3854 sursum

2004 3889 2365 3961 spectarent,
2397 3885 2493 3961 qui
2529 3882 2841 3942 voluerant
2871 3880 3072 3942 videre
3104 3880 3262 3943 bona
3288 3872 3556 3956 iterrena,
3591 3890 3651 3943 et

2001 3968 2121 4031 illis
2141 3970 2280 4034 frui.
2323 3969 2392 4031 Et
2422 3971 2715 4050 percussit
2745 3978 2949 4049 pectus
2980 3988 3176 4050 suum,
3214 3988 3318 4031 cor
3347 3970 3647 4044 videlicet,

2002 4067 2243 4138 propter
2278 4058 2462 4119 malas
2492 4057 2903 4138 cogitationes,
2940 4067 2995 4119 et
3018 4067 3079 4119 ut
3115 4059 3329 4120 excitet
3356 4058 3511 4139 quod
3535 4057 3649 4120 ob-

2002 4146 2675 4218 dormierat,nihilaliud
2699 4145 3649 4227 dicebat,quam:Deus,pr0pitius

2002 4244 2127 4296 esto
2151 4233 2297 4294 mihi
2321 4236 2643 4314 peccatori.
2672 4236 2923 4313 Propter
2952 4235 3078 4295 haac
3102 4235 3303 4295 omnia
3338 4234 3649 4296 descendit

270 4328 385 4383 ἄνω
442 4329 562 4394 θέας
616 4332 804 4411 κρίνων
861 4334 983 4396 τοὺς
1043 4332 1110 4389 τὰ
1150 4331 1247 4399 τῆς
1311 4335 1411 4408 γῆς
1454 4329 1622 4407 ἀγαθὰ
1678 4328 1915 4409 βλέπειν,

2008 4322 2350 4403 iustiﬁcatus
2374 4322 2433 4381 in
2468 4322 2707 4382 domum
2738 4340 2928 4396 suam,
2959 4322 3142 4400 magis
3164 4340 3337 4402 quam
3371 4322 3491 4384 ille.
3521 4320 3644 4382 Im-

268 4439 361 4472 και
387 4423 707 4497 καρποῦσθαι
762 4419 1109 4491 θελήσαντας.
1170 4421 1268 4483 Εἲς
1327 4440 1383 4475 τε
1414 4419 1475 4474 τὸ
1506 4418 1695 4486 στῆθος
1738 4418 1921 4475 ἐαυτοῦ

273 4505 513 4584 ἔτυπτεν,
569 4511 668 4577 τὴν
724 4510 937 4591 καρδίαν
984 4513 1140 4567 οἱονεὶ
1193 4509 1449 4579 πλήσσων
1510 4509 1640 4588 ὑπὲρ
1668 4516 1772 4565 τῶν
1824 4532 1922 4567 πο-

273 4594 450 4675 νηρῶν
506 4598 905 4675 βουλευμάτων,
965 4601 1052 4656 καὶ
1096 4602 1167 4660 εἷς
1222 4596 1471 4664 αἴσθησιν
1528 4595 1797 4675 διεγείρων
1828 4600 1923 4654 οἶα

276 4686 642 4762 καθεύδουσαν,
676 4691 765 4746 καὶ
821 4687 966 4746 οὐδὲν
996 4687 1128 4746 ἄλλο
1156 4686 1359 4765 ἔλεγεν,
1402 4687 1462 4766 ἢ,
1498 4677 1553 4744 Ὀ
1585 4689 1739 4766 Θεὸς,
1798 4685 1918 4743 ἱλά-

272 4776 425 4841 σθητί
479 4799 570 4852 μοι
628 4784 705 4851 τῷ
756 4776 1080 4856 ἁμαρτωλῷ.
1129 4777 1227 4835 Καὶ
1289 4773 1374 4835 διὰ
1419 4773 1616 4831 τούτων
1672 4775 1917 4832 ἁπάντων

274 4862 474 4932 κατέϐη
533 4865 966 4941 δεδικαιωμένος,
1027 4866 1064 4933 ἢ
1113 4865 1342 4938 ἐκεῖνος,
1403 4865 1521 4921 ἀντὶ
1560 4874 1673 4938 τοῦ,
1720 4864 1842 4943 παρ’
1888 4866 1916 4921 ὃ

273 4953 479 5018 ἐκεῖνος
516 4972 529 4985 ·
572 4953 889 5033 Ἀκάθαρτος
939 4955 1039 5034 γὰρ
1096 4954 1238 5033 παρὰ
1269 4953 1439 5030 Κυρίῳ
1467 4960 1569 5018 πᾶς
1613 4952 1914 5031 ὑψελοκάρ-

272 5041 405 5108 διος,
459 5045 546 5101 καὶ
607 5045 789 5123 Κύριος
833 5044 1186 5123 ὑπερηφάνοις
1219 5043 1608 5116 ἀντιτάσσεται,
1642 5054 1915 5107 ταπεινοῖς

273 5131 331 5188 δὲ
375 5132 551 5191 δίδωσι
608 5135 791 5213 χάριν.
849 5132 1015 5190 Ἀλλὰ
1042 5133 1358 5207 θαυμάσειεν
1382 5132 1446 5187 ἄν
1477 5154 1579 5211 τις,
1612 5138 1727 5195 πῶς
1759 5133 1787 5186 ὁ
1819 5131 1916 5207 μὲν

275 5228 569 5300 Φαρισαῖος
626 5224 780 5300 ὀλίγα
835 5223 1047 5299 ῥήματα
1096 5220 1559 5301 μεγαλοφροσύνης
1598 5219 1915 5301 προϊέμενος

273 5313 665 5391 κατακρίνεται,
728 5316 755 5369 ὁ
803 5310 857 5367 δὲ
908 5308 1035 5391 νἰὼϐ
1088 5309 1381 5386 πάμπολλα
1432 5308 1913 5388 μεγαλοῤῥημονή-

275 5422 373 5465 σας
430 5390 814 5479 στεφανοῦται;
878 5390 1009 5457 UOtt
1062 5422 1144 5456 τοι
1176 5402 1203 5457 ὁ
1249 5400 1345 5474 μὲν
1385 5406 1678 5478 Φαρισαῖος
1710 5397 1914 5464 οὐδενὸς

276 5491 663 5570 ἀναγκάζοντος
720 5490 912 5547 ’ίστατο
966 5496 1180 5547 τοιαῦτα
1238 5489 1562 5568 ματαιάζων,
1619 5490 1706 5544 καὶ
1744 5508 1912 5545 κατα-

354 5658 409 5711 9¹
440 5655 466 5720 Ι
494 5655 654 5723 Patr.
686 5674 746 5739 v,
779 5657 839 5721 5.

2005 4411 2261 4472 mundus
2288 4411 2446 4471 enim
2475 4409 2626 4489 apud
2651 4409 2968 4473 Dominum
2992 4409 3189 4471 omnis
3209 4410 3501 4488 superbus
3521 4428 3647 4472 cor-

2004 4503 2103 4580 dc,
2138 4508 2197 4560 et
2225 4498 2505 4560 Dominus
2522 4497 2798 4578 superbis
2828 4497 3071 4574 resistit,
3102 4497 3425 4560 humilibus
3447 4506 3643 4561 autem

2008 4591 2106 4650 dat
2130 4588 2381 4667 gratiam
2400 4586 2713 4649 9|.Verum
2740 4586 3129 4648 admirabitur
3158 4588 3312 4668 quis,
3347 4587 3643 4669 quomodo

2006 4676 2352 4751 Pliarisaeus,
2376 4696 2507 4739 cum
2526 4694 2711 4756 pauca
2729 4674 2904 4737 verba
2924 4684 3267 4755 arroganter
3298 4677 3644 4757 pronuntia-

2000 4763 2749 4847 verit,coudemnetur;lob
2770 4772 2965 4826 autem
2990 4784 3124 4826 cum
3150 4763 3332 4826 multa
3350 4765 3424 4826 de
3447 4784 3510 4826 se
3524 4784 3644 4826 ma-

2000 4855 2211 4936 gnifice
2233 4855 2409 4929 dicat,
2435 4854 2807 4915 coronetur?
2839 4852 3007 4925 Quod
3044 4854 3375 4915 l’liarisaius
3402 4853 3639 4934 quidem

2002 4944 2161 5006 n:.llo
2185 4953 2432 5024 cogente
2450 4950 2566 5004 stat
2582 4944 2721 5005 talia
2742 4952 3054 5020 uugaus,et
3074 4943 3220 5004 alios
3234 4946 3643 5005 condemuans

2001 5034 2162 5095 nullo
2190 5052 2298 5094 usu
2329 5039 2579 5111 urgente
2605 5053 2618 5090 :
2656 5031 2764 5094 Job
2796 5048 2937 5092 vero
2969 5032 3384 5110 prementibus
3411 5032 3639 5113 amicis,

1999 5137 2059 5190 et
2079 5128 2312 5206 gravius
2332 5123 2814 5187 incumbentibus
2837 5143 3011 5205 quam
3034 5125 3339 5187 calamitas
3368 5124 3516 5204 ipsa,
3541 5124 3639 5185 di-

2000 5217 2389 5296 centibusque
2419 5214 2576 5295 quod
2610 5221 2851 5294 propter
2895 5221 3135 5293 peccata
3179 5213 3278 5275 illa
3306 5215 3380 5275 sit
3409 5230 3636 5295 passus,

2000 5304 2341 5381 compulsus
2365 5312 2453 5365 est
2474 5320 2825 5364 enumerare
2847 5321 2951 5363 sua
2972 5320 3174 5382 opera,
3203 5302 3378 5383 idque
3400 5309 3642 5381 propter

1997 5394 2239 5475 gloriam
2270 5393 2401 5472 Dei,
2426 5410 2501 5453 ne
2531 5391 2764 5453 scilicet
2792 5390 3062 5452 homines
3091 5410 3125 5452 a
3155 5399 3317 5452 recto
3357 5390 3635 5452 virtutum

1997 5501 2173 5547 cursu
2192 5479 2709 5543 exciderent.Nam
2734 5480 2784 5541 si
2808 5497 3157 5561 persuasum
3170 5478 3517 5542 habuissent
3536 5480 3639 5542 ho-
