4126 6282
1420 365 1523 426 ΤΗ
1534 360 2015 426 EOPHYLACTI
2062 356 2470 420 BULGARI/E
2514 357 2869 421 ARCHIEP.
3692 354 3849 419 1008

2716 492 2981 570 μηδεμιᾶς
3041 494 3222 573 χρείας
3278 494 3706 574 καταπειγούσης
3736 512 3757 531 ⁸
3824 496 3851 549 ὅ

462 367 478 426 l
494 364 607 427 007

457 494 646 554 mines
678 503 914 573 peccata
948 494 1126 554 fuisse
1159 511 1289 573 quae
1328 492 1551 553 fecerat
1580 492 1715 565 Job,
1755 500 1813 552 et
1862 505 2091 577 preptet

2187 498 2374 572 κρίνων
2422 496 2651 570 ἑτέρους,

454 585 554 645 illa
585 601 849 665 passum,
874 584 1171 645 cavissent
1193 602 1268 643 ne
1302 584 1508 643 eadem
1536 582 1822 655 facerent,
1850 584 2091 665 factiqut

2189 585 2243 641 δὲ
2299 583 2422 643 Ἰὼϐ
2492 590 2599 641 τῶν
2644 584 2805 664 φίλων
2850 584 3256 663 ἆποπνιγόντων
3300 586 3478 658 αὐτὸν,
3522 587 3611 642 καὶ
3655 608 3847 665 φορτι-

452 674 707 735 fuissent
736 672 1034 753 hospitum
1074 690 1277 733 osores
1309 690 1442 733 cum
1479 679 1652 733 antea
1687 672 2091 754 hospitalitati:

2188 676 2417 753 κώτερον
2474 680 2573 741 τῆς
2644 681 2910 754 συμφορᾶς
3002 673 3372 755 ἐπικειμένων,
3432 677 3519 731 καὶ
3579 674 3848 753 λεγόντων

455 763 836 824 observantes
868 771 1094 836 essent,
1131 761 1637 822 immisericordes
1660 769 1717 821 et
1738 761 1943 840 injusti
1966 783 2091 826 cum

2187 764 2269 820 ὅτι
2312 762 2356 819 δ’
2402 764 2660 842 ἁμαρτίας
2726 771 2892 821 ταῦτα
2951 764 3225 837 πεπόνθει,
3285 765 3593 843 ἠναγκάσθη
3646 765 3845 843 ἆπαριυ

456 851 925 912 misericordiam
944 851 1291 929 etjustitiam
1308 861 1479 911 antea
1494 852 1925 914 colerent.Ha3c
1940 854 2091 914 enim

2186 854 2481 928 θμήσασθαι
2526 853 2592 911 τὰ
2651 855 2823 910 οἰκεῖα
2884 856 3293 934 κατορθώματα,
3366 854 3453 911 καὶ
3504 860 3655 910 τοῦτο
3711 852 3847 930 ὑπὲρ

455 949 623 1002 erant
638 958 815 1019 opera
832 940 1239 1018 Jongiturne
1254 940 1577 1000 multiinde
1596 939 2091 1004 incommodaren-

2186 948 2283 1010 τῆς
2326 944 2465 1005 θείας
2515 940 2693 1020 δόξης,
2742 944 2827 998 καὶ
2873 951 2963 999 τοῦ
3009 945 3086 1018 μὴ
3122 944 3414 1010 ἐκκοπῆναι
3443 944 3534 998 τὸν
3566 942 3652 999 ἐπ’
3679 942 3847 1021 ἁρετῇ

456 1030 709 1108 tur.ejus
728 1029 1095 1106 gratia,bona
1117 1048 1294 1109 opera
1322 1029 1730 1092 enumerat.Et
1752 1050 1944 1092 causae
1967 1032 2091 1111 qui-

2186 1038 2292 1088 τῶν
2349 1031 2635 1110 ἀνθρώπων
2679 1029 2889 1109 δρόμον.
2967 1034 3025 1090 Ei
3068 1034 3167 1111 γὰρ
3224 1031 3734 1110 ἑπληροφορήθησαν
3800 1032 3848 1086 οἱ

454 1120 704 1179 demJob
721 1119 870 1179 tales
884 1119 1149 1193 fuere,ut
1167 1137 1239 1179 ne
1254 1119 1520 1179 dicamus
1539 1119 1694 1196 quod
1716 1128 1772 1180 et
1788 1120 1847 1179 in
1868 1120 1959 1180 his
1974 1139 2091 1200 qua

2188 1120 2470 1200 ἄνθρωποι,
2529 1120 2609 1176 ὅτι
2654 1121 2903 1199 ἁμαρτίαι
2932 1123 3070 1187 ἦσαν
3101 1123 3134 1176 ἃ
3163 1121 3327 1178 ἐποίει
3358 1124 3385 1177 6
3418 1118 3559 1192 Ἰὼϐ,
3628 1123 3712 1177 καὶ
3775 1117 3843 1175 δι’

453 1209 1025 1288 grandiloquentiam
1053 1208 1365 1288 quamdam
1389 1210 1829 1283 sonant,omnis
1848 1212 2091 1289 refulget

2188 1210 2369 1267 ἐκεῖνα
2428 1211 2654 1291 πάσχει,
2700 1209 3006 1289 ἀπέσχοντο
3036 1210 3100 1266 ἂν
3129 1211 3221 1267 τοῦ
3249 1212 3315 1266 τὰ
3344 1210 3475 1266 αὐτὰ
3517 1223 3717 1289 ποιεῖν,
3755 1211 3847 1265 καὶ

453 1297 921 1369 humilitas.Quis
944 1298 1087 1358 mihi
1107 1297 1620 1377 tribuat.inquit,ut
1642 1299 2091 1378 simjuxtamen-

2185 1300 2354 1357 τοίνυν
2410 1299 2650 1376 ἐγένοντο
2700 1298 2762 1354 ἂν
2806 1298 3068 1374 μισόξενοι
3130 1300 3246 1357 ἀντὶ
3274 1298 3580 1381 φιλοξένων,
3612 1298 3843 1367 ἀνελεή-

452 1407 547 1449 ses
578 1388 806 1447 dierum
844 1387 1249 1465 pristinorum,
1299 1388 1532 1467 quando
1564 1388 1719 1449 Deus
1770 1408 1865 1450 me
1898 1398 2091 1450 custo-

2187 1410 2368 1465 μονες,
2429 1387 2597 1445 ἄδικοι
2657 1388 2770 1444 ἀντὶ
2842 1388 3148 1467 ἐλεημόνων
3207 1390 3296 1445 καὶ
3366 1386 3604 1450 δικαίων,
3664 1397 3843 1446 Ταῦτα

450 1474 938 1537 άὶθὺαῑθεῖνίόθε
966 1475 1119 1555 quod
1155 1466 1331 1536 omne
1360 1479 1482 1538 Deo
1509 1477 1743 1538 obtuler
1770 1487 1929 1557 t,nec
1951 1477 2091 1539 alios

2186 1478 2285 1555 γὰρ
2326 1476 2460 1543 ἦσαν
2502 1483 2596 1532 τοῦ
2639 1472 2760 1531 Ἰὼϐ
2786 1476 2851 1531 τὰ
2895 1476 3043 1555 ἔργα,
3111 1466 3233 1532 ulva
3265 1475 3435 1533 τοίνυν
3480 1478 3557 1551 μὴ
3588 1473 3841 1552 βλαϐεῖεν

451 1564 939 1637 condemnet,sed
958 1564 1084 1644 ipse
1103 1564 1175 1624 ab
1190 1565 1397 1626 amicis
1422 1566 1613 1645 potius
1637 1567 2091 1630 condemnetur.

2181 1563 2390 1643 πολλοὶ,
2436 1564 2622 1620 τούτου
2665 1563 2818 1620 ἕνεκα
2871 1565 3252 1642 ἀπαριθμεῖται
3306 1566 3373 1621 τὰ
3428 1564 3835 1644 κατορθώματα.

452 1658 745 1717 Pharisaeo
776 1655 975 1715 omnia
1005 1656 1063 1715 in
1100 1674 1186 1729 se,
1232 1664 1291 1715 et
1325 1674 1440 1715 non
1475 1657 1531 1716 in
1564 1656 1752 1717 Deum
1785 1656 2091 1736 referenti,

2182 1660 2270 1728 Τῴ
2326 1655 2423 1729 μὲν
2468 1653 2555 1711 οῦν
2598 1651 2722 1710 Ἰὼϐ
2762 1657 2914 1710 αὗται
2960 1657 3011 1709 αἱ
3042 1655 3199 1710 αἰτίαι
3236 1672 3252 1688 °
3314 1654 3407 1710 ἵνα
3449 1655 3527 1729 μὴ
3568 1653 3837 1732 λέγωμεν,

452 1754 508 1806 et
556 1746 777 1825 absque
828 1744 1185 1806 necessitate
1233 1745 1659 1807 condemuanli
1690 1744 1860 1827 alios,
1886 1745 2091 1807 merito

2183 1741 2264 1798 ὅτι
2321 1742 2375 1797 ἐν
2427 1746 2610 1804 αὐτοῖς
2639 1755 2758 1805 τοῖς
2790 1744 2992 1821 ῥήμασι
3024 1756 3138 1807 τοῖς
3184 1742 3393 1800 δοκοῦσι
3438 1741 3837 1821 μεγαληγορίας

451 1834 870 1895 condemnatio
895 1832 1457 1895 ascribitur.0mnis
1477 1836 1632 1895 enim
1659 1834 1757 1914 qui
1776 1853 1840 1895 se
1862 1835 2091 1916 exaltat,

2183 1832 2349 1905 εἶναι,
2408 1838 2553 1887 πᾶσα
2597 1832 3052 1912 ταπεινοφροσύνη
3126 1830 3412 1907 ἐκλάμπει,
3472 1834 3559 1894 Τίς
3614 1832 3712 1909 γὰρ
3773 1830 3837 1886 ἄν

451 1915 1015 1995 humiliabitur,Deo
1035 1922 1201 1983 illum
1226 1922 1792 2002 condemnantezqui
1813 1933 2011 1985 autem
2036 1915 2091 1985 se

2182 1943 2248 1995 με
2300 1921 2438 1989 θείη,
2486 1922 2635 1998 γησὶ,
2696 1923 2832 1978 κατὰ
2888 1927 3034 1997 μῆνα
3103 1924 3319 2001 ἡμερῶν
3360 1927 3466 1978 τῶν
3511 1919 3832 1999 ἔμπροσθεν,

447 2012 897 2075 condemnando
913 2011 2074 2091 humiliat.exaltabituraDeojustiticante

2183 2010 2269 2067 ὅτε
2318 2013 2346 2067 6
2404 2011 2532 2073 Θεός
2576 2033 2643 2085 με
2704 2010 2986 2087 ἐφύλαττεν
3022 2030 3039 2082 ;
3076 2002 3229 2088 Ὀρᾶς
3271 2008 3350 2068 ὅτι
3380 2015 3458 2083 τῷ
3488 2010 3603 2085 Θεῷ
3633 2010 3695 2067 τὸ
3725 2014 3832 2065 πᾶν

451 2102 557 2163 Dic
579 2103 756 2177 igitur
774 2112 840 2162 tu
870 2101 1270 2181 prior,inquit.
1286 2101 2091 2181 peccatatua,utjustiticeris.

2182 2100 2425 2170 ἀνέθηκε,
2486 2102 2573 2156 καὶ
2615 2099 2730 2157 οὐδὲ
2786 2102 3083 2180 κατακρίνει
3125 2099 3357 2179 ἐτέρους,
3431 2097 3566 2155 ἀλλὰ
3623 2096 3829 2172 μᾶλλον

451 2195 818 2272 κατακρίνεται
862 2195 963 2247 ὑπὸ
996 2192 1101 2246 τῶν
1133 2193 1296 2269 φίλων
1331 2208 1343 2222 ⁸
1380 2199 1456 2266 τῷ
1484 2191 1538 2247 δὲ
1569 2193 1838 2269 Φαρσαίῳ
1864 2193 1934 2253 εἷς
1968 2193 2151 2247 ἑαυτὸν
2179 2192 2267 2246 καὶ
2298 2191 2374 2265 μὴ
2422 2191 2494 2251 εἰς
2559 2190 2689 2246 Θεὸν
2718 2192 2777 2245 τὸ
2820 2196 2924 2245 πᾶν
2954 2190 3287 2269 ἀναφέροντι,
3315 2190 3403 2244 καὶ
3431 2188 3557 2267 δίχα
3592 2186 3829 2265 ἀνάγκης

450 2281 660 2358 ἐτέρους
691 2281 1074 2358 κατακρίνοντι,
1112 2281 1327 2342 εἰκότως
1359 2281 1393 2347 ἡ
1425 2283 1732 2358 κατάκρισις
1778 2279 2052 2357 ἐπάγεται.
2089 2285 2199 2343 Πᾶς
2230 2272 2329 2356 γὰρ
2360 2280 2387 2334 6
2416 2279 2564 2352 ὑψῶν
2615 2279 2799 2333 ἑαυτὸν
2827 2279 3305 2351 ταπεινωθήσεται,
3352 2278 3453 2333 ὑπὸ
3498 2284 3628 2334 Θεοῦ
3657 2298 3830 2333 κατα-

448 2371 751 2445 κρινόμενος
788 2390 803 2406 ο
840 2373 865 2424 ὁ
896 2368 949 2424 δὲ
981 2375 1238 2424 ταπεινῶν
1297 2370 1478 2426 ἑαυτὸν
1533 2374 1600 2444 τῇ
1643 2369 1970 2444 κατακρίσει,
2034 2368 2370 2444 ὑψωθήσεται
2428 2368 2568 2446 παρὰ
2624 2374 2753 2423 Θεοῦ
2782 2364 3170 2444 δικαιούμενος.
3202 2366 3334 2445 Λέγε
3366 2367 3465 2446 γὰρ
3496 2368 3558 2422 σὺ
3588 2372 3827 2444 πρῶτος,

450 2462 597 2537 φησὶ,
648 2460 740 2520 τὰς
788 2458 1041 2537 ἁμαρτίας
1074 2479 1190 2529 σου,
1222 2460 1313 2512 ’ἱνα
1344 2456 1656 2534 δικαιωθῇς,

532 2545 712 2607 Vens.
743 2547 943 2608 15-17.
975 2566 1004 2604 ‹
1028 2544 1372 2607 Afferebant
1402 2554 1597 2607 autem
1629 2546 1702 2606 ad
1737 2564 1869 2607 eum
1905 2554 1963 2606 et
1994 2544 2091 2607 in-

2266 2568 2294 2600 ιι
2340 2545 2668 2625 Προσέφερον
2724 2542 2779 2600 δὲ
2821 2544 2963 2619 αὐτῷ
3020 2548 3105 2603 καὶ
3159 2548 3224 2602 τὰ
3266 2546 3458 2626 βρέφη,
3503 2544 3595 2602 ἵνα
3652 2548 3820 2602 αὐτῶν

452 2638 666 2708 fantes,
702 2645 764 2695 ut
795 2653 896 2695 eos
928 2642 1216 2712 tangeret.
1250 2633 1417 2705 Quod
1450 2653 1583 2695 cum
1617 2635 1881 2696 viderent
1912 2634 2091 2694 disci-

2180 2634 2436 2701 ἅπτηται.
2472 2633 2691 2699 ’ἰδόντες
2749 2633 2803 2689 δὲ
2863 2636 2910 2689 οἱ
2956 2638 3209 2711 μαθηταὶ,
3261 2636 3585 2711 ἐπετίμησαν
3615 2634 3819 2698 αὐτοῖς.

454 2723 597 2805 puli,
638 2722 1027 2804 increpabant
1060 2724 1217 2786 illos.
1250 2722 1421 2784 Jesus
1451 2731 1647 2784 autem
1695 2742 1829 2783 cum
1862 2722 1996 2783 illos
2026 2723 2091 2783 ad

2184 2714 2242 2780 Ὀ
2300 2722 2353 2779 δὲ
2411 2725 2616 2791 Ἰησοῦς
2667 2721 3164 2801 προσκαλεσάμενος
3215 2726 3346 2783 αὐτὰ
3390 2725 3564 2780 εἷπεν·
3612 2722 3820 2802 ’¹Αφετε

452 2831 514 2872 se
548 2820 833 2885 vocasset,
868 2811 1058 2871 dixit:
1097 2810 1283 2873 Sinite
1324 2829 1543 2891 pueros
1596 2811 1803 2872 venire
1851 2810 1923 2870 ad
1979 2828 2097 2889 me,

452 2909 507 2962 et
541 2902 723 2963 nolite
753 2909 956 2963 vetare
989 2919 1115 2980 eos,
1150 2901 1357 2961 talium
1391 2908 1479 2961 est
1503 2900 1662 2961 enim
1695 2918 1941 2978 regnum
1968 2900 2095 2961 Dei.

449 2993 643 3052 Amen
668 2990 801 3051 dico
823 2990 1011 3065 vobis,
1040 2989 1377 3070 quicunque
1396 3008 1511 3049 non
1532 2989 1830 3070 acceperit
1849 3006 2096 3066 regnum

453 3078 554 3140 Dei
587 3079 767 3141 veluti
798 3097 964 3159 puer,
993 3098 1109 3139 non
1142 3078 1388 3139 intrabit
1410 3077 1469 3137 in
1492 3078 1662 3140 illud.
1703 3103 1729 3134 ι
1767 3077 1836 3138 Et
1865 3077 1936 3138 ad
1960 3078 2099 3136 456

2183 2813 2247 2869 τὰ
2303 2812 2480 2869 παιδία
2532 2813 2779 2893 ἔρχεσθαι
2836 2812 2967 2889 πρός
3025 2834 3114 2893 με,
3147 2815 3236 2870 καὶ
3280 2822 3357 2890 μὴ
3385 2810 3617 2870 κωλύετε
3670 2814 3813 2885 αὐτὰ,

2182 2909 2287 2957 τῶν
2338 2904 2439 2981 γὰρ
2495 2902 2736 2957 τοιούτων
2796 2901 2934 2957 ἐστὶν
2982 2903 3016 2969 ἡ
3060 2901 3302 2980 βασιλεία
3330 2909 3424 2959 τοῦ
3451 2909 3606 2964 Θεοῦ.
3651 2901 3812 2977 Ἀμὴν

2181 2989 2324 3067 λέγω
2378 2992 2528 3071 ὗμϊν,
2564 2990 2621 3054 ὃς
2652 2988 2741 3046 ἐὰν
2774 2990 2850 3065 μὴ
2879 2987 3089 3056 δέξηται
3119 2993 3217 3059 τὴν
3247 2989 3516 3069 βασιλείαν
3564 2997 3655 3047 τοῦ
3694 2996 3806 3046 Θεοῦ

2181 3081 2254 3141 ὡς
2308 3078 2535 3152 παιδίον,
2586 3081 2644 3135 οὑ
2698 3078 2776 3154 μὴ
2833 3078 3040 3155 εἰσέλθῃ
3086 3082 3158 3143 εἰς
3217 3081 3404 3151 αὐτήν,
3447 3103 3471 3138 l
3510 3081 3608 3139 Καὶ
3674 3081 3809 3136 τοῦτο

451 3169 837 3229 humilitatem
872 3167 1154 3228 conducit
1199 3167 1377 3227 etiam
1412 3168 1521 3227 hoc
1554 3167 1626 3226 de
1661 3166 1861 3246 pueris
1890 3184 2091 3226 exem-

2182 3169 2312 3246 πρὸς
2370 3168 2813 3248 μετριοφροσύνην
2864 3166 3219 3244 συμϐάλλεται
3302 3171 3364 3226 τὸ
3418 3175 3522 3225 τῶν
3580 3167 3814 3228 παιδίων.

454 3258 637 3337 plum.
674 3256 857 3318 Docet
886 3256 1043 3317 enim
1080 3255 1365 3316 Dominus
1396 3273 1503 3335 per
1533 3255 1666 3315 illos
1710 3253 1953 3315 omnino
1983 3255 2099 3315 hu-

456 3345 677 3406 militer
699 3344 1082 3424 agendum,et
1108 3362 1316 3405 omnes
1338 3342 2099 3422 suscipiendos,nullosque

453 3434 945 3496 contemnendos.
986 3433 1268 3512 Disripuli
1300 3433 1456 3494 enim
1505 3434 1808 3509 indignum
1840 3430 2097 3493 arbitra-

452 3524 665 3585 bantur
688 3524 757 3584 ad
797 3523 968 3583 talem
1004 3524 1344 3600 Magistrum
1389 3521 1589 3582 offerri
1622 3539 1859 3601 pueros.
1896 3521 1968 3581 At
1998 3521 2095 3581 ille

450 3612 707 3673 ostendit
738 3631 924 3691 usque
977 3612 1125 3672 adeo
1182 3610 1528 3672 sectandam
1579 3609 1996 3683 humilitatem,
2034 3617 2096 3670 ut

448 3703 624 3763 etiam
662 3700 890 3761 minimi
927 3719 1043 3760 non
1090 3699 1208 3759 sint
1254 3698 1601 3777 abjiciendi.
1637 3701 1707 3759 Et
1739 3698 1823 3760 sic
1855 3699 2092 3779 quidem

447 3791 623 3851 docet
654 3788 1042 3849 humilitatem
1077 3805 1259 3867 opere
1285 3806 1413 3847 suo.
1448 3785 1575 3848 Non
1601 3786 1757 3847 enim
1792 3786 2090 3861 amandat,

447 3879 549 3939 sed
585 3878 848 3937 suaviter
876 3876 1246 3955 amplexatur
1276 3875 1553 3936 infantes.
1588 3874 1771 3936 Docet
1815 3884 2005 3936 autem
2037 3883 2096 3939 et

450 3987 557 4047 per
580 3984 939 4034 sermonem,
974 3965 1130 4045 quod
1162 3983 1411 4043 regnum
1446 3966 1731 4025 caelorum
1767 3972 1859 4025 est
1887 3983 2091 4026 eorum

448 4057 546 4135 qui
570 4055 844 4115 similiter
873 4054 1065 4116 aﬂ‘ecti
1096 4063 1232 4114 sunt
1262 4063 1326 4114 ut
1354 4054 1538 4133 pueri.
1578 4053 1733 4115 Puer
1759 4073 1875 4114 non
1914 4054 2089 4115 inﬂa-'

448 4154 562 4217 tur,
625 4163 815 4224 neque
871 4144 1127 4224 aliquem
1182 4143 1507 4204 contemnit
1556 4161 1568 4205 :
1632 4144 1920 4204 innocens
1980 4151 2088 4217 est,

445 4234 717 4313 simplex,
755 4242 812 4294 et
842 4252 976 4294 cum
1011 4232 1171 4293 omni
1204 4232 1587 4312 simplicitate
1619 4250 1813 4312 neque
1845 4232 1905 4291 in
1951 4250 2091 4310 pro-

444 4324 635 4403 speris
659 4323 981 4385 extollitur.
1013 4340 1205 4402 neque
1232 4322 1289 4381 in
1315 4321 1582 4382 tristibus
1607 4320 2091 4399 dejiciturUnde

446 4415 540 4492 qui
573 4413 710 4473 vivit
740 4412 798 4471 in
835 4411 995 4471 omni
1035 4411 1388 4485 humilitate,
1422 4410 1799 4490 simplicitate
1830 4418 1889 4470 et
1916 4410 2091 4469 inno-

2188 3254 2429 3312 Διδάσκει
2485 3257 2584 3335 γὰρ
2654 3255 2738 3314 διὰ
2802 3258 2984 3314 τούτου
3034 3260 3063 3313 6
3126 3259 3309 3338 Κύριος
3366 3270 3817 3339 ταφεινοφρονεῖν,

2181 3347 2269 3401 καὶ
2320 3345 2521 3409 πάντας
2580 3344 2997 3426 παραδέχεσθαι,
3042 3347 3130 3403 καὶ
3167 3345 3394 3422 μηδενὸς
3448 3350 3816 3427 καταφρονεῖν,

2182 3434 2240 3489 Οἱ
2299 3432 2397 3507 μὲν
2453 3435 2552 3513 γὰρ
2603 3437 2835 3507 μαθηταὶ
2880 3432 3087 3500 ἀνάξιον
3142 3435 3368 3513 ἡγοῦντο
3396 3438 3487 3493 τοῦ
3512 3434 3819 3503 τηλικούτου

2185 3519 2509 3578 Διδασκάλου
2563 3524 2624 3578 τὸ
2682 3522 3061 3602 προσφέρεσθαι
3116 3525 3257 3598 αὑτῷ
3285 3522 3489 3586 παιδία.
3527 3518 3583 3583 Ὀ
3618 3522 3673 3579 δὲ
3714 3521 3821 3578 δεί-

2178 3632 2354 3669 κνυσιν
2413 3611 2620 3685 αὐτοῖς,
2652 3609 2732 3667 ὅτι
2761 3620 3010 3670 τοσοῦτον
3065 3612 3149 3669 δεῖ
3190 3627 3642 3693 ταπεινοφρονεῖν,
3688 3612 3821 3669 ὥστε

2176 3701 2266 3756 καὶ
2322 3701 2387 3756 τὰ
2444 3699 2706 3780 ἐλάχιστα
2797 3702 2877 3777 μὴ
2952 3700 3337 3779 βδελύττεσθαι.
3396 3704 3493 3761 Καὶ
3536 3703 3674 3761 οὕτω
3727 3701 3824 3775 μὲν

2177 3788 2409 3846 διδάσκει
2466 3791 2563 3858 τὴν
2614 3792 3059 3869 μετριοφροσύνην
3101 3788 3168 3846 δι’
3217 3792 3293 3847 ὧν
3322 3789 3536 3871 ἔπραξε,
3570 3793 3649 3867 μὴ
3680 3791 3821 3852 ἀπο-

2178 3879 2548 3955 πεμψάμενος,
2609 3877 2727 3935 ἀλλ’
2798 3876 2966 3947 ἡδέως
3024 3878 3447 3956 παραδεξάμενος
3502 3882 3568 3937 τὰ
3626 3882 3818 3963 βρέφη,

2180 3966 2422 4023 Διδάσκει
2479 3966 2532 4023 δὲ
2593 3969 2679 4023 καὶ
2724 3965 2808 4023 διὰ
2849 3967 3031 4047 λόγου,
3080 3968 3161 4024 ὅτι
3210 3970 3316 4025 τῶν
3357 3970 3494 4027 κατὰ
3522 3971 3584 4026 τὰ
3641 3972 3823 4029 παιδία

2175 4054 2522 4131 διακειμένων
2575 4057 2713 4113 ἐστὶν
2751 4059 2785 4126 ἡ
2830 4056 3069 4134 βασιλεία
3110 4060 3215 4116 τῶν
3259 4061 3514 4139 ούρανῶν.
3577 4063 3649 4119 T6
3691 4085 3823 4119 παι-

2176 4143 2282 4202 δίον
2328 4149 2423 4205 οὐκ
2453 4145 2742 4226 ἐπαίρεται,
2778 4148 2873 4203 οὒκ
2916 4145 3173 4213 ἐξουθενεῖ
3220 4170 3359 4222 τινα,
3413 4147 3610 4205 ἄκακόν
3653 4150 3818 4226 ἐστιν,

2176 4233 2386 4314 ἄδολον,
2438 4233 2555 4290 οὔτε
2612 4234 2697 4291 ἐπὶ
2770 4248 2886 4299 τοῖς
2959 4235 3232 4312 λαμπροῖς
3304 4238 3647 4315 ὀγκούμενον,
3705 4241 3820 4296 οὔτε

2176 4323 2259 4380 ἐπὶ
2314 4336 2432 4388 τοῖς
2485 4324 2747 4406 λυπηροῖς
2792 4324 3231 4406 συστελλόμενον,
3282 4326 3419 4383 ἀλλὰ
3466 4328 3611 4405 πάσῃ
3639 4327 3818 4385 ἁπλόο

2173 4434 2293 4479 τητι
2341 4412 2516 4476 συνόν.
2578 4403 2754 4470 εὨστε
2784 4417 2811 4471 6
2840 4403 3262 4494 ταπεινοφρόνως
3305 4421 3409 4487 ζῶν
3464 4418 3551 4473 καὶ
3579 4403 3816 4493 ἀκάκως,

444 4502 656 4575 centia,
692 4500 789 4560 ille
833 4502 958 4562 Deo
1000 4508 1278 4578 acceptus
1320 4507 1432 4573 est,
1480 4506 1536 4559 et
1586 4496 1801 4579 accipit
1847 4516 2090 4575 regnum

2176 4503 2384 4565 ἒκεϊνος
2434 4503 2576 4581 παρὰ
2632 4508 2708 4578 τῷ
2764 4510 2879 4578 Θεῴ
2934 4502 3321 4583 προσδεκτέως,
3355 4505 3440 4560 καὶ
3470 4507 3498 4560 6
3526 4502 3820 4585 δεχόμενος

444 4589 548 4650 Dei
581 4590 736 4651 sicut
780 4608 950 4669 puer,
986 4589 1097 4648 hoc
1147 4596 1233 4647 est
1284 4588 1558 4660 fideliter,
1596 4587 1824 4668 absque
1870 4586 2004 4647 dolo
2036 4594 2095 4647 et

444 4678 807 4739 curiositate.
843 4677 1121 4739 Curiosus
1143 4677 1327 4752 enim,
1344 4684 1401 4737 et
1422 4692 1662 4756 semper
1689 4675 2087 4753 interrogans,

444 4766 797 4838 Quomodo?
829 4785 959 4827 cum
993 4783 1097 4826 sua
1148 4765 1560 4826 incredulitate
1604 4762 1842 4844 peribit,
1884 4772 1943 4824 et
1970 4783 2089 4825 non

442 4855 685 4916 intrabit
716 4857 774 4915 in
806 4874 1078 4934 regnum,
1112 4855 1267 4934 quod
1292 4855 1481 4915 noluit
1514 4854 1863 4933 simpliciter
1880 4862 1937 4914 et
1961 4856 2090 4915 sine

444 4944 781 5005 curiositate
815 4953 870 5004 et
902 4944 1206 5004 humiliter
1255 4945 1583 5023 suscipere.
1637 4941 1858 5005 Omnes
1891 4942 2088 5022 itaque

442 5034 719 5115 apostoli,
746 5044 802 5094 et
833 5052 1041 5094 omnes
1068 5052 1308 5111 prorsus
1339 5034 1653 5097 credentes
1673 5033 1730 5092 in
1764 5031 2083 5107 Christum,

445 5132 724 5185 vocantur
756 5122 965 5202 pueri:
1003 5122 1156 5182 sicut
1188 5129 1245 5183 et
1291 5123 1418 5202 ipse
1461 5121 1745 5182 Dominus
1794 5120 2088 5201 apostolos

443 5212 791 5282 nominavit,
830 5210 1034 5271 dicens
1072 5232 1083 5273 :
1136 5211 1334 5283 Pueri,
1372 5230 1512 5271 num
1546 5211 1686 5290 quid
1721 5209 1949 5271 obsonii
1976 5210 2086 5271 ha-

443 5301 594 5361 betis
614 5299 725 5359 93⁸2
758 5299 1069 5379 Sapientes
1120 5309 1314 5361 autem
1362 5300 1699 5379 gentilium,
1737 5298 2085 5379 sapientiam

442 5391 500 5449 in
538 5390 817 5469 mysterio
849 5398 1208 5469 quaerentes,
1250 5391 1404 5469 quod
1456 5396 1545 5450 est
1580 5406 1827 5467 regnum
1870 5390 1997 5465 Dei,
2031 5401 2091 5450 et

444 5482 714 5539 nolentes
770 5479 1042 5556 accipere
1092 5477 1316 5558 absque
1364 5477 1840 5551 ratiocinatione,
1877 5479 2088 5541 merito

520 5634 740 5696 9910b.
777 5653 837 5709 ll,
872 5636 932 5711 9,
965 5636 1025 5696 2.
1114 5636 1179 5686 95
1205 5638 1374 5701 Joan.
1405 5654 1528 5714 ut,
1557 5639 1619 5699 5.

2172 4590 2273 4657 τὴν
2322 4590 2589 4667 βασιλείαν
2632 4598 2725 4648 τοῦ
2767 4598 2897 4649 Θεοῦ
2939 4594 3010 4658 ὡς
3060 4590 3288 4672 παιδίον,
3345 4593 3637 4666 τουτέστιν,
3684 4592 3815 4651 ἀδό-

2173 4677 2302 4759 λως,
2360 4679 2948 4759 ἀπολυπραγμονήτως,
2994 4686 3221 4745 πιστῶς.
3261 4674 3319 4741 Ὀ
3372 4684 3472 4760 γὰρ
3517 4685 3817 4764 περίεργος,

2170 4768 2259 4824 καὶ
2314 4767 2393 4823 ἀεὶ
2436 4767 2642 4845 ἐρωτῶν
2674 4770 2757 4850 τὸ,
2813 4776 2932 4834 Πῶς
2971 4789 2988 4845 ;
3044 4777 3112 4847 τῇ
3168 4770 3382 4843 ἀπιστίᾳ
3425 4770 3823 4848 συγκαταλυθή-

2171 4877 2342 4930 σεται,
2400 4858 2489 4913 καὶ
2543 4858 2602 4913 οὒ
2658 4857 2735 4932 μὴ
2796 4857 3001 4936 εἰσέλθῃ
3081 4860 3152 4923 εἷς
3232 4859 3331 4927 τὴν
3386 4857 3678 4940 βασιλείαν,
3753 4861 3818 4929 ἢν

2171 4944 2378 5024 ἆπλῶς,
2434 4947 2521 5002 καὶ
2572 4945 2922 5027 ἀπεριέργως,
2983 4950 3071 5005 καὶ
3103 4949 3494 5029 μετριοφρόνως
3531 4949 3627 5005 οῦκ
3687 4948 3818 5016 ἠθέ-

2170 5034 2301 5101 λησε
2357 5032 2758 5113 παραδέξασθαι,
2820 5038 3017 5102 Πάντες
3062 5038 3160 5112 μὲν
3219 5037 3307 5095 οὖν
3339 5040 3385 5095 οἱ
3411 5036 3699 5095 ἀπόστολοι
3728 5042 3819 5095 καὶ

2169 5123 2361 5181 πάντες
2411 5121 2593 5188 ἁπλῶς
2651 5126 2697 5179 οἱ
2744 5126 3116 5189 πιστεύσαντες
3167 5131 3243 5200 τῷ
3272 5126 3509 5206 Χριστῷ,
3543 5123 3722 5183 παιδία
3752 5125 3817 5185 ἂν

2169 5210 2440 5291 κληθεῖεν,
2503 5214 2577 5274 ὡς
2633 5213 2722 5269 καὶ
2777 5212 2933 5279 αὐτὸς
2991 5218 3019 5271 6
3088 5216 3274 5293 Κύριος
3324 5216 3445 5279 τοὺς
3488 5213 3817 5279 ἀποστόλους

2170 5300 2414 5375 ὠνόμασε
2444 5316 2458 5384 ς
2493 5294 2708 5379 Παιδία,
2742 5303 2875 5377 μήτι
2906 5302 3231 5384 προσφάγιον
3263 5302 3420 5384 ἔχετε
3456 5325 3472 5377 ;
3517 5305 3577 5361 Οἱ
3626 5301 3682 5359 δὶ
3716 5326 3816 5361 σο-

2171 5391 2257 5469 φοὶ
2303 5396 2409 5446 τῶν
2445 5379 2733 5465 Ἐλλήνων,
2786 5379 2971 5471 σοφίαν
3021 5379 3076 5448 ἐν
3210 5379 3481 5470 μυστηρίῳ
3506 5393 3814 5470 ζητοῦντες,

2172 5480 2200 5535 ὃ
2256 5477 2395 5535 ἔστιν
2451 5479 2486 5546 ἦ
2539 5477 2779 5555 βασιλεία
2833 5486 2924 5537 τοῦ
2968 5483 3122 5555 Θεοῦ,
3155 5482 3242 5539 καὶ
3274 5482 3351 5557 μὴ
3378 5480 3695 5558 βουλόμενοι
3725 5481 3817 5559 δέ·
