4140 6280
377 351 528 415 1009

1036 352 1475 417 ENARRATIO
1523 355 1602 417 IN
1652 351 2156 419 EVANGELIUM
2208 351 2446 412 LUC.E.
2494 383 2572 394 -—
2616 354 2777 414 CAP.
2828 355 3048 415 XVIII.

3608 348 3755 413 tOlO

368 482 554 549 ξασθαι
610 491 765 542 τοῦτο
826 482 1240 562 ἀσυλλογίστως,
1294 486 1511 552 εἰκότως
1567 483 1864 557 ἐξώσθησαν
1920 490 2018 552 τῆς

2105 481 2331 545 exclusi
2361 490 2499 545 sunt
2527 483 2599 545 ab
2626 484 2740 546 hoc
2769 502 2977 564 regno.
3010 489 3146 551 Non
3176 486 3323 548 dixit
3349 493 3543 547 autem
3582 502 3593 545 :
3626 482 3748 545 Ho-

366 571 637 648 βασιλείας
665 573 890 642 ταύτης.
935 577 1043 632 Οὔκ
1087 574 1208 631 εἷπε
1253 572 1329 649 δὲ,
1392 574 1495 647 ὅτι,
1544 577 1753 635 Τούτων
1804 576 1940 631 ἔστὶν
1978 576 2012 642 ἡ

366 660 636 738 βασιλεία,
674 661 811 719 ἀλλὰ
838 662 944 720 τῶν
996 663 1269 739 τοιούτων,
1319 665 1582 746 τουτέστι,
1612 672 1717 724 τῶν
1745 665 1845 732 τῆν
1875 666 2013 721 ἀκα-

365 750 509 812 κίαν,
567 752 656 808 καὶ
745 754 1191 833 μετριοφροσύνην
1274 761 1653 833 προαιρετικῶς
1737 753 2015 829 κτησαμέ-

368 861 497 918 νων,
544 840 610 908 ἢν
654 847 891 919 φυσικῶς
949 842 1015 897 τά
1066 840 1246 898 παιδία
1301 841 1511 922 ἔχουσι.
1594 842 1872 919 Δεξώμεθα
1928 845 2017 897 οῦν

367 929 543 985 πάντα
591 931 658 985 τὰ
699 928 1137 1001 ἐκκλησιαστικά,
1186 929 1317 1010 ἅπερ
1366 932 1503 989 ἐστὶν
1543 935 1577 1001 ἡ
1632 928 1869 1009 βασιλεία
1924 937 2015 987 τοῦ

369 1024 525 1092 Θεοῦ,
572 1017 921 1098 ἀπεριέργως,
1004 1020 1089 1075 καὶ
1164 1025 1390 1096 πιστῶς,
1467 1022 1555 1077 καὶ
1597 1019 2006 1099 μετριοφρόνως,

368 1107 434 1162 16
476 1106 577 1186 γὰρ
606 1107 1033 1186 περιεργάζεσθαι
1065 1108 1312 1188 οἰήσεως,
1346 1111 1433 1166 καὶ
1464 1107 1789 1187 δοξοσοφίας,

460 1213 489 1253 (
525 1197 624 1254 Καὶ
676 1196 993 1275 ἐπηρώτησε-Ξ
1033 1218 1114 1259 τις
1154 1198 1310 1253 αὐτὸν
1354 1196 1557 1278 ἅρχων,
1611 1196 1781 1275 λέγων
1820 1214 1832 1229 ’
1869 1195 2021 1253 Διδά-

372 1282 538 1341 σκαλε
581 1284 765 1363 ἀγαθὲ,
800 1286 849 1341 τί
875 1286 1107 1356 ποιήσας
1155 1287 1297 1356 ζωὴν
1345 1287 1554 1343 αἰώνιον
1581 1286 1973 1364 κληρονομήσω
2002 1302 2016 1359 ;

374 1374 516 1431 Εἶπε
562 1371 617 1429 δὲ
646 1374 788 1448 αύτῷ
830 1374 859 1430 6
893 1374 1098 1441 Ἰησοῦς
1134 1390 1149 1404 '
1183 1375 1243 1432 Τί
1276 1398 1342 1452 με
1370 1374 1541 1453 λέγεις
1570 1375 1804 1454 ἀγαθόνς
1840 1373 2016 1439 Οὐδεὶς

368 1462 589 1540 ἀγαθὸς,
651 1464 696 1519 εἰ
754 1464 832 1538 μὴ
889 1464 973 1527 εἰς
1018 1466 1044 1519 6
1085 1464 1239 1528 Θεός.
1297 1466 1400 1528 Τάς
1449 1463 1664 1526 ἐντολὰς
1724 1462 1895 1527 οἴδας’
1930 1464 2016 1531 Μὴ

372 1551 700 1631 μοιχεύσῃς.
746 1551 824 1626 μή
868 1552 1148 1631 φονεύσῃς,
1197 1552 1273 1628 μὴ
1318 1552 1542 1629 κλέψῃς,
1602 1552 1678 1627 μὴ
1710 1550 2014 1630 ψευδομαρ-

366 1641 626 1717 τυρήσῃς.
672 1641 810 1717 Τίμα
840 1642 930 1697 τὸν
986 1641 1186 1720 πατέρα
1243 1656 1335 1698 σου
1389 1644 1478 1699 καὶ
1534 1643 1631 1709 τὴν
1660 1642 1865 1720 μητέρα
1896 1664 2010 1699 σου.

2099 587 2229 630 rum
2263 580 2354 634 est
2380 590 2655 653 regnum,
2681 574 2786 635 sed
2807 575 3034 653 talium,
3059 576 3157 655 qui
3187 574 3517 637 voluntarie
3536 591 3749 653 posse-

2099 659 2323 720 derunt
2354 661 2759 723 innocentiam
2812 672 2870 725 et
2920 665 3335 738 humilitatem,
3374 682 3548 744 quam
3583 661 3752 741 pueri

2100 756 2308 809 natura
2359 750 2602 813 habent.
2686 750 3086 833 Suscipiamus
3145 754 3326 834 igitur
3401 753 3597 814 omnia
3650 750 3752 813 illa

2100 838 2531 920 ecclesiastica,
2586 860 2716 921 quae
2762 850 2901 903 sunt
2958 861 3209 921 regnum
3279 844 3410 911 Dei,
3470 840 3748 914 fideliter,

2100 924 2322 1007 absque
2354 929 2722 1001 curiositate,
2744 938 2802 991 et
2833 931 3160 993 humiliter.
3194 931 3436 993 Curiose
3468 931 3624 991 enim
3651 929 3750 989 in-

2100 1015 2363 1093 quirere,
2391 1017 2734 1097 superbiam
2757 1018 2913 1097 sapit
2934 1028 2991 1079 et
3020 1019 3333 1097 gloriosam
3368 1018 3745 1098 sapientiam.

2181 1106 2364 1167 Vens.
2423 1108 2623 1168 18-23.
2682 1130 2709 1161 α
2763 1106 2834 1168 Et
2890 1107 3269 1187 interrogavit
3327 1126 3464 1168 eum
3512 1107 3748 1186 quidam

2102 1194 2433 1273 princeps:
2490 1195 2767 1273 Magister
2816 1195 2990 1269 bone,
3040 1196 3183 1276 quid
3230 1196 3566 1258 faciendum
3604 1195 3753 1256 mihi

2102 1290 2164 1342 ut
2194 1299 2527 1364 consequar
2555 1285 2729 1345 vitam
2758 1290 3087 1347 aeternam?
3116 1285 3268 1346 Dixit
3316 1293 3516 1347 autem
3562 1286 3616 1346 ei
3643 1284 3751 1346 Je-

2101 1388 2239 1433 sus:
2274 1370 2426 1442 Quid
2480 1391 2573 1434 me
2617 1373 2767 1434 dicis
2819 1373 3096 1437 bonum?
3145 1393 3320 1435 nemo
3372 1374 3583 1448 bonus,
3638 1373 3754 1434 nisi

2099 1459 2261 1520 solus
2290 1459 2475 1523 Deus.
2510 1464 2812 1541 Praecepta
2835 1463 2992 1523 nosti
3024 1482 3037 1526 :
3073 1461 3201 1524 Non
3232 1462 3564 1525 committes
3584 1462 3748 1523 adul-

2100 1548 2334 1622 terium,
2372 1568 2490 1610 non
2519 1551 2780 1625 occides,
2819 1570 2936 1612 non
2966 1552 3148 1614 facies
3179 1553 3423 1631 furtum,
3469 1570 3587 1612 non
3629 1550 3746 1611 fal-

2096 1655 2225 1698 sum
2261 1637 2667 1701 testimonium
2699 1640 2865 1701 dices
2895 1661 2910 1716 ;
2960 1641 3188 1703 honora
3233 1649 3456 1720 patrem
3491 1648 3651 1701 tuum
3688 1649 3746 1700 et

370 1720 432 1785 ’0
490 1727 544 1785 δὲ
602 1730 728 1787 εἶπε
764 1748 777 1762 ·
841 1737 1013 1788 Ταῦτα
1067 1731 1241 1790 πάντα
1284 1729 1622 1810 ἐφυλαξάμην
1671 1728 1732 1786 ἐκ
1759 1731 2012 1798 νεότητός

2105 1733 2345 1786 matrem
2378 1735 2559 1788 tuam.
2592 1728 2667 1788 At
2701 1728 2805 1791 ille
2834 1729 2970 1809 ait:
3024 1727 3161 1790 Hac
3194 1729 3391 1790 omnia
3438 1728 3666 1791 servavi
3709 1748 3745 1788 a

368 1840 496 1891 μου.
562 1817 820 1881 Ἀκούσας
878 1817 933 1875 δὲ
966 1818 1129 1876 ταῦτα
1176 1822 1204 1876 6
1248 1818 1452 1887 Ἰησοῦς
1482 1820 1637 1876 εἶπεν
1677 1821 1840 1895 ανότῷο
1875 1820 2012 1878 ’Ἔτι

2105 1814 2399 1892 iuventutc
2428 1834 2582 1878 mea.
2617 1816 2743 1888 Quo
2772 1817 3001 1892 audito,
3039 1816 3214 1879 Jesus
3257 1818 3338 1878 ait
3377 1818 3429 1878 ei
3464 1835 3477 1878 :
3529 1816 3743 1878 Adhuc

368 1906 426 1962 ἕν
484 1929 565 1964 σοι
614 1905 784 1964 λείπει
818 1923 834 1940 ⁸
869 1907 1042 1964 πάντα
1072 1907 1170 1964 ὅσα
1214 1906 1387 1988 ἔχεις,
1422 1906 1699 1988 πώλησον,
1731 1909 1817 1965 καὶ
1842 1906 2012 1974 διάδος

2105 1921 2284 1963 unum
2344 1902 2455 1966 tibi
2512 1905 2678 1965 deest
2728 1926 2740 1967 :
2798 1904 3012 1968 Omnia
3084 1925 3470 1987 quaecumque
3529 1904 3741 1979 habes,

367 2009 643 2077 πτωχοῖς,
706 1998 793 2053 καὶ
841 1994 982 2078 ,ἔξεις
1034 1999 1295 2075 θησαυρὸν
1350 1997 1402 2052 ἐν
1446 1997 1668 2075 οὐρανῷ,
1717 1998 1813 2055 Καὶ
1870 1995 2015 2076 δεῦρο

2105 1991 2311 2073 vende,
2343 2005 2400 2053 et
2445 1992 2738 2056 distribue
2793 1995 3175 2078 pauperibus,
3229 2003 3289 2056 et
3330 1995 3578 2057 habebis
3610 1995 3744 2056 the-

365 2083 640 2142 ἀκολούθει
686 2107 800 2162 μοι,
837 2076 895 2143 Ὀ
940 2083 1018 2159 δὲ,
1055 2085 1278 2151 ἀκούσας
1321 2093 1506 2160 ταῦτα,
1561 2084 1844 2165 περίλυπος
1887 2086 2011 2165 ἐγέ-

2105 2098 2337 2142 saurum
2368 2081 2431 2142 in
2474 2083 2667 2145 ccelo:
2716 2088 2775 2146 et
2825 2083 2980 2155 veni,
3028 2076 3280 2165 sequere
3332 2103 3449 2146 me.
3500 2083 3605 2145 His
3646 2083 3750 2145 ille

366 2195 510 2248 νετο,
572 2176 637 2241 ῆν
694 2175 794 2253 γὰρ
842 2172 1094 2237 πλούσιος
1155 2171 1376 2254 σφόδρα.
1438 2197 1465 2230 ›)
1535 2184 1697 2231 Δοκεῖ
1750 2173 1848 2251 μέν
1877 2196 2014 2231 τισιν

2105 2169 2312 2231 auditis
2345 2189 2593 2233 maerore
2610 2173 2852 2235 affectus
2878 2181 2985 2247 est,
3013 2173 3151 2253 quia
3172 2174 3333 2235 dives
3361 2180 3487 2234 erat
3514 2172 3743 2234 valde.»

368 2263 522 2326 οὗτος
554 2265 582 2319 6
630 2262 897 2341 ἅνθρωπος
951 2262 1246 2341 πανοῦργός
1302 2284 1383 2327 τις
1435 2265 1601 2336 εἶναι,
1637 2264 1723 2319 καὶ
1753 2264 1872 2321 οἷον
1902 2285 2015 2320 πα-

2105 2259 2345 2321 Videtur
2373 2259 2473 2321 ille
2510 2261 2687 2323 homo
2737 2260 3091 2342 quibusdam
3134 2262 3422 2341 malignus
3453 2262 3747 2343 quispiam

370 2351 603 2429 γιδεῦσαι
663 2358 840 2424 ζητῶν
895 2354 986 2408 τὸν
1031 2351 1235 2418 Ἰησοῦν
1298 2351 1353 2407 ἐν
1394 2350 1600 2431 λόγοις.
1645 2352 1752 2410 Οὒκ
1796 2350 1933 2408 ἔοικε
1963 2350 2017 2408 δὲ

2105 2366 2255 2423 esse,
2291 2356 2349 2409 et
2397 2348 2725 2429 illaqueare
2769 2369 3041 2430 quaerens
3078 2351 3281 2413 Jesum
3331 2352 3392 2411 in
3441 2368 3743 2415 sermone.

372 2449 550 2521 τοῦτο,
612 2440 751 2498 ἀλλὰ
836 2440 1153 2521 φιλάργυρος
1224 2441 1392 2501 εἶναι.
1459 2439 1606 2499 Ἐπεὶ
1663 2442 1750 2497 καὶ
1798 2444 1825 2497 6
1886 2449 2018 2520 Χρι-

2105 2439 2234 2499 Non
2267 2445 2356 2497 est
2385 2445 2580 2498 autem
2629 2439 2744 2500 hoc
2794 2438 3137 2515 verisimile,
3184 2439 3287 2501 sed
3334 2457 3541 2501 avarus
3572 2446 3743 2499 erat:

369 2533 496 2593 στὸς
545 2537 781 2587 τοιοῦτον
841 2532 996 2588 αὐτὸν
1055 2529 1181 2588 ὄντα
1232 2528 1446 2608 ἤλεγξε.
1509 2532 1606 2588 Καὶ
1661 2531 1760 2609 γὰρ
1811 2530 2019 2609 Μάρκος

2108 2526 2388 2606 quoniam
2420 2534 2478 2587 et
2509 2528 2779 2589 Christus
2811 2546 2971 2609 eum,
3006 2530 3141 2609 quia
3171 2529 3302 2590 talis
3335 2540 3486 2608 erat,
3530 2528 3747 2605 arguit.

370 2621 557 2701 φησὶν,
649 2619 728 2677 ὅτι
813 2617 1187 2699 προσδραμὼν,
1262 2621 1350 2676 γαὶ
1424 2623 1724 2697 γονυπετῶν
1786 2620 2019 2698 παρεκά-

2108 2615 2341 2677 Etenim
2376 2622 2433 2677 et
2463 2616 2689 2679 Marcus
2719 2618 2863 2679 dicit
2907 2619 3061 2698 quod
3104 2619 3455 2697 accurrerit,
3493 2626 3548 2679 et
3593 2637 3750 2696 genu

371 2709 453 2766 λει
511 2710 601 2765 τὸν
664 2706 895 2790 Ἰησοῦν,
956 2710 1043 2765 καὶ
1101 2707 1182 2764 ὅτι
1265 2706 1536 2784 ἐμϐλέψας
1611 2711 1753 2782 αὖτῷ
1805 2712 1833 2765 6
1906 2708 2019 2777 Ἰη-

2105 2704 2357 2780 ﬂexerit,
2415 2713 2473 2766 et
2529 2705 2931 2769 obsecraverit
2984 2706 3212 2787 Jesum,
3266 2715 3324 2769 et
3371 2706 3530 2787 quod
3579 2710 3752 2769 Jesus

374 2801 499 2862 σοῦς
552 2799 833 2878 ἠγάπηαεν
904 2798 1060 2855 αὐτόν
1097 2814 1110 2828 ⁸
1186 2797 1594 2878 φιλοχρήματος
1680 2798 1775 2875 μὲν
1844 2798 1908 2866 ῆν
1993 2802 2019 2856 6

2105 2792 2296 2872 ipsum
2345 2795 2669 2874 aspexerit,
2722 2802 2780 2857 et
2827 2795 3131 2859 dilexerit.
3183 2796 3366 2875 Igitur
3413 2796 3749 2858 divitiarum

368 2888 665 2966 ἅνθρωπος.
730 2887 973 2967 Πρόσεισι
1026 2885 1080 2943 δὲ
1124 2894 1201 2962 τῷ
1242 2887 1421 2955 Ἰησοῦ
1490 2891 1683 2963 μαθεῖν
1745 2887 2019 2967 ἐφιέμενος

2105 2891 2331 2944 amator
2356 2893 2479 2945 erat
2505 2885 2682 2945 homo
2712 2884 2837 2949 ille.
2883 2884 3132 2947 Accedit
3172 2896 3369 2948 autem
3414 2886 3487 2947 ad
3519 2888 3748 2960 Jesum,

374 2982 495 3053 περί
548 2983 692 3048 ζωῆς
753 2976 984 3051 αἰωνίου,
1067 2977 1214 3056 τάχα
1297 2978 1370 3041 ὡς
1447 2976 1853 3056 φιλοχρήματος
1938 2971 2019 3033 καῖ

2107 2970 2338 3033 discere
2369 2974 2617 3051 cupiens
2649 2975 2782 3033 457
2816 2975 2891 3035 de
2930 2974 3044 3034 vita
3092 2983 3333 3051 aeterna,
3385 2975 3648 3037 fortassis
3694 2984 3752 3035 et

373 3074 553 3128 10610.
601 3064 775 3123 Ὀύδὲν
820 3065 919 3145 γὰρ
966 3064 1102 3121 οὕτω
1143 3064 1422 3145 φιλόζωον,
1485 3067 1559 3128 ὡς
1615 3064 2019 3143 φιλοχρήματος

2106 3060 2167 3120 in
2200 3061 2313 3122 hoc
2348 3061 2683 3123 divitiarum
2733 3069 3008 3126 sectator.
3064 3064 3223 3125 Ninil
3274 3063 3433 3125 enim
3484 3064 3563 3124 ita
3622 3063 3751 3124 vitae

374 3152 664 3232 ἅνθρωπος.
721 3154 1000 3230 Ἐνόμισεν
1044 3156 1131 3209 οὖν
1185 3155 1277 3210 τὸν
1329 3153 1533 3221 Ἰησοῦν
1577 3153 1853 3210 ὑποθέσθαι
1884 3155 2025 3226 αὐτῷ

381 3242 599 3321 τρόπον,
656 3241 726 3298 δι’
780 3246 839 3300 06
908 3244 1129 3306 αἰωνίως
1185 3244 1423 3321 ζήσεται,
1481 3240 1862 3298 καταπολαύων
1925 3246 2025 3308 τῆς

373 3333 756 3413 κατασχέσεως
810 3336 915 3390 τῶν
974 3331 1301 3411 χρημάτων.
1360 3330 1453 3395 Ὠς
1509 3328 1562 3385 δὲ
1620 3333 1648 3386 6
1696 3331 1880 3409 Κύριος
1925 3330 2023 3397 τὴν

373 3421 675 3487 ἀπόκτησιν
736 3421 881 3477 εἶναι
928 3419 1178 3493 πρόξενον
1234 3420 1371 3476 εἷπε
1416 3424 1516 3487 τῆς
1593 3420 1799 3476 αἰωνίου
1855 3419 2021 3499 ζωῆς,

371 3514 448 3575 ὠς
508 3511 979 3590 περιμεμψάμενος
1041 3511 1211 3585 ἐαυτῷ
1251 3510 1349 3577 τῆς
1402 3512 1732 3590 ἐρωτήσεως,
1790 3512 1879 3567 καὶ
1947 3518 2023 3585 τῷ

377 3601 560 3667 ἰησοῦ
615 3605 715 3665 τῆς
797 3599 1150 3678 ἀποκρίσεως,
1240 3597 1473 3657 ἄπεισιν.
1543 3599 1708 3661 Αὐτὸς
1765 3599 1863 3678 γάρ
1932 3622 2019 3656 τοι

374 3690 556 3745 ςἑνεκεν
604 3695 698 3745 τοῦ
754 3687 901 3768 ἔχειν
956 3688 1022 3743 τά
1077 3689 1335 3767 χρήματα
1378 3688 1463 3745 ἐπὶ
1492 3687 1651 3761 πολὺ,
1686 3687 1880 3768 ἔχρῃζε
1922 3694 2021 3756 τῆς

375 3776 590 3834 αἰωνίου
648 3782 792 3847 ζωῆς
825 3791 841 3807 ⁸
904 3777 1017 3832 ἐπεὶ
1075 3779 1119 3833 εἰ
1174 3779 1239 3832 τὰ
1288 3778 1545 3856 χρήματα
1602 3776 1823 3853 ἔμελλεν
1890 3778 2023 3835 ἀπο-

372 3870 617 3945 κτᾶσθαι,
675 3868 726 3921 τί
796 3865 898 3922 ἔδει
974 3867 1115 3941 αὕτῴ
1172 3868 1272 3932 τῆς
1354 3868 1561 3924 αἰωνίου
1629 3872 1773 3938 ζωῆς
1830 3866 2021 3935 πένητι

374 3954 623 4032 μέλλοντι
679 3961 799 4035 ζῆν,
846 3954 986 4033 ὣσγε
1044 3953 1263 4031 ἐδόκει,
1339 3954 1696 4034 Προσέρχεται
1754 3965 1877 4033 γοῦν
1946 3960 2023 4029 τῷ

377 4043 573 4121 Κυρίῳ,
634 4046 706 4106 ὡς
740 4042 927 4108 ἁπλῶς
979 4042 1258 4122 ἀνθρώπῳ,
1305 4045 1392 4100 καὶ
1463 4041 1779 4118 διδασκάλῳ.
1845 4046 1937 4100 Διὸ
1994 4047 2021 4100 6

384 4134 572 4211 Κύριος
629 4131 901 4207 δεικνύων,
958 4131 1040 4188 ὅτι
1084 4136 1145 4192 o6
1172 4130 1255 4189 δεῖ
1284 4134 1356 4194 ὡς
1405 4132 1661 4210 ἀνθρώπῳ
1688 4134 1830 4205 αύτῳ
1853 4154 2022 4209 προσ-

379 4222 511 4279 ιέναι
572 4222 742 4301 ψιλῷ,
788 4226 943 4278 εἶπεν
978 4238 992 4253 ’
1066 4246 1093 4277 α
1155 4221 1332 4286 Οὒδεὶς
1390 4221 1607 4299 ἀγαθὸς,
1670 4222 1713 4277 εἰ
1770 4222 1846 4297 μή
1879 4222 1963 4283 εἷς
1995 4225 2023 4278 6

374 4312 529 4375 Θεός.
583 4336 607 4367 ιι
673 4310 897 4389 Ἀγαθὸν
931 4333 1021 4386 με,
1056 4312 1234 4390 φησὶν,
1285 4311 1466 4382 εἶπας,
1512 4311 1563 4365 τί
1615 4313 1702 4367 οὖν
1755 4310 2021 4378 προσέθη-

373 4423 474 4465 κας
518 4402 599 4473 τὸ,
638 4398 928 4456 Διδάσκαλε
963 4421 979 4473 ;
1015 4401 1264 4458 Φαίνεται
1322 4401 1421 4477 γὰρ
1472 4398 1552 4455 ὅτι
1607 4398 1702 4454 ἕνα
1731 4406 1835 4456 τῶν
1879 4399 2022 4456 πολ-

374 4490 484 4546 λῶν
542 4510 609 4564 με
664 4486 1079 4565 ὑπολαμϐάνεις,
1129 4490 1185 4547 Εἰ
1229 4487 1280 4544 δὲ
1331 4475 1508 4569 τοῦτο,
1541 4488 1635 4543 οὐκ
1664 4490 1771 4564 εἰμί
1798 4490 2016 4566 ἀγαθὸς,
2044 4475 2087 4525 D

374 4576 538 4642 οὒδείς
596 4576 696 4654 γάρ
758 4577 1044 4656 ἀνθρώπων
1099 4577 1295 4656 ἀγαθὸς
1351 4577 1564 4657 κυρίως,
1613 4578 1656 4633 εἰ
1714 4579 1790 4652 μὴ
1845 4579 1929 4640 εἷς
1991 4581 2019 4635 6

375 4668 532 4730 Θεός.
595 4659 772 4722 υεὶστε
820 4669 863 4723 εἰ
908 4666 1077 4731 θέλεις
1126 4666 1321 4745 ἀγαθόν
1351 4688 1417 4742 με
1446 4665 1644 4747 λέγειν,
1689 4668 1761 4730 ὡς
1795 4666 1921 4723 Θεὸν
1952 4690 2020 4744 με

372 4756 495 4833 Λέγε
550 4757 769 4835 ἀγαθὸν,
824 4755 960 4812 ἀλλά
989 4757 1068 4832 μὴ
1099 4757 1172 4819 ὡς
1203 4756 1473 4835 ώνθρώπῳ
1521 4755 1665 4832 ψιλῷ
1694 4755 2015 4836 προσέρχου.

373 4848 433 4905 Εἰ
483 4846 582 4923 γὰρ
637 4845 908 4923 ἄνθρωπόν
941 4868 1008 4922 με
1042 4847 1219 4904 κοινόν
1249 4868 1367 4901 τινα
1413 4846 1667 4921 νομίζεις,
1722 4844 1859 4921 μηδὲ
1891 4847 2017 4924 ἀγα-

367 4938 457 4991 θὸν
491 4934 642 4992 κάλει
677 4951 692 4966 ⁸
727 4942 803 5009 τῷ
832 4931 941 4992 ὄντι
970 4936 1069 5015 γὰρ
1116 4935 1336 5013 ἀγαθὸς,
1394 4937 1483 4992 καὶ
1537 4935 1691 5012 πηγὴ
1749 4935 2020 5014 ἀγαθότη-

369 5046 461 5087 τος
514 5026 603 5081 καὶ
646 5024 793 5103 ἀρχὴ
852 5030 959 5092 τῆκ
1034 5025 1493 5103 αὖτοαγαθότητος
1543 5028 1570 5080 6
1625 5025 1776 5082 Θεός.
1853 5027 1913 5082 Οἱ
1966 5023 2020 5080 δὲ

370 5114 637 5188 ἅνθρωποι
672 5116 716 5169 εἶ
761 5115 850 5171 καὶ
903 5114 1089 5192 ἀγαθοί
1146 5113 1327 5188 ἐσμεν,
1386 5111 1508 5169 ἀλλ’
1537 5116 1596 5171 οὗ
1625 5113 1836 5192 κυρίως,
1882 5111 2019 5169 ἀλλὰ

369 5203 507 5260 κατά
558 5204 827 5285 μετοχὴν,
885 5206 973 5260 καὶ
1039 5204 1317 5278 ἐπίμικτον
1376 5202 1594 5282 ἔχοντες
1669 5203 1728 5258 τὸ
1799 5203 2016 5281 ἀγαθὸν,

369 5292 458 5348 καὶ
497 5293 743 5369 τρεπτόν.
791 5293 895 5357 Τάς
939 5291 1154 5356 ἐντολὰς
1199 5289 1353 5355 οἶδας
1385 5307 1400 5324 ’
1439 5292 1526 5358 Μὴ
1566 5291 1888 5370 μοιχεύσῃς,
1934 5292 2013 5367 μὴ

370 5383 653 5463 φονεύσῃς,
714 5382 791 5458 μῆ
849 5380 1381 5462 ψελδομαρτυρήσης,
1434 5381 1521 5436 καὶ
1573 5381 1636 5436 τὰ
1682 5378 1823 5446 ἑξῆς,
1871 5380 2013 5459 Πρό-

368 5493 519 5551 τερον
563 5475 591 5528 ὁ
635 5472 796 5546 νόμος
840 5472 930 5547 τὰ,
972 5472 1024 5527 ἐν
1081 5472 1169 5535 οἷς
1216 5469 1569 5548 εὖκολώτερον
1627 5468 2014 5550 ὀλισθαίνομεν,

366 5559 683 5640 διορθοῦται,
716 5565 833 5616 εἶτα
886 5562 951 5617 τὰ
1008 5560 1062 5617 έν
1095 5564 1178 5626 οἷς
1208 5561 1266 5617 o6
1293 5558 1507 5633 πολλοὶ,
1555 5556 1672 5615 οὐδὲ
1729 5557 2017 5639 πολλάκις,

367 5650 491 5706 οἷον
536 5651 594 5708 τὸ
667 5651 961 5728 μοιχεύειν,
1034 5648 1216 5717 ἒπειδὴ
1274 5650 1332 5705 τὸ
1390 5648 1487 5727 πῦρ
1530 5648 1617 5705 καὶ
1674 5649 1891 5727 φυσικὸν
1934 5648 2019 5704 καὶ

2109 3149 2385 3229 cupidum
2420 3158 2531 3231 est,
2566 3158 2627 3211 ut
2658 3152 2836 3212 homo
2864 3152 3081 3213 divitiis
3101 3152 3368 3214 studens.
3403 3151 3749 3231 Suspicaba-

2112 3248 2204 3299 tur
2233 3237 2410 3318 igitur
2436 3240 2638 3303 Jesum
2670 3241 3070 3303 indicaturum
3101 3241 3218 3302 sibi
3259 3242 3496 3302 modum
3532 3260 3746 3321 quem-

2110 3327 2262 3406 piam
2311 3347 2425 3408 quo
2475 3329 2811 3392 divitiarum
2868 3330 3245 3410 possessione
3305 3339 3587 3411 perpetuo
3631 3330 3752 3399 frui

2109 3415 2313 3495 possit.
2351 3419 2661 3497 Postquam
2695 3426 2891 3479 autem
2919 3418 3204 3479 Dominus
3234 3419 3379 3480 dixit
3410 3418 3746 3480 divitiarum

2105 3503 2502 3585 abjectionem
2562 3506 2833 3566 conferre
2876 3506 2947 3566 ad
2998 3506 3171 3568 vitam
3222 3515 3524 3586 aeternam,
3582 3510 3749 3587 quasi

2106 3610 2271 3653 suam
2329 3594 2781 3674 reprehendens
2837 3595 3380 3675 interregationem,
3429 3605 3486 3657 et
3534 3597 3751 3659 Christi

2105 3700 2480 3762 responsum,
2511 3683 2676 3745 abiit.
2712 3683 2849 3764 Ipse
2881 3686 3040 3746 enim
3074 3687 3213 3766 quia
3244 3685 3501 3747 habebat
3538 3687 3750 3747 multas

2105 3771 2618 3846 divitias,multum
2636 3774 2937 3854 quaerebat
2954 3774 3129 3836 vitam
3152 3784 3493 3855 perpetuam
3508 3777 3747 3837 .Verum

2106 3879 2240 3922 cum
2296 3864 2757 3925 renuntiandum
2804 3872 2960 3924 esset
3006 3863 3272 3926 divitiis:
3328 3864 3467 3944 quid
3515 3882 3663 3943 opus
3694 3871 3755 3931 ei

2105 3960 2327 4012 aeterna
2358 3952 2497 4032 vita,
2529 3953 2631 4030 qui
2666 3970 2914 4032 pauper,
2947 3961 3009 4012 ut
3040 3952 3368 4026 videbatur,
3405 3961 3530 4013 erat
3556 3953 3748 4014 victum

2106 4046 2253 4101 rus?
2282 4040 2539 4101 Proinde
2563 4040 2791 4101 accedit
2810 4041 2881 4102 ad
2902 4040 3203 4102 Christum
3230 4050 3291 4101 ut
3320 4042 3392 4101 ad
3418 4040 3749 4121 simplicem

2108 4128 2410 4190 hominem
2440 4139 2497 4190 et
2522 4129 2849 4190 doctorem.
2874 4130 3099 4191 Idcirco
3124 4137 3181 4190 et
3204 4132 3486 4192 Dominus
3509 4131 3752 4192 demon-

2108 4227 2299 4278 strans
2329 4218 2486 4297 quod
2516 4237 2634 4278 non
2685 4226 2953 4293 oporteat
3001 4226 3071 4279 ad
3121 4219 3314 4297 ipsum
3364 4219 3649 4279 accedere
3688 4229 3751 4279 ut

2110 4324 2320 4385 purum
2341 4305 2670 4379 hominem,
2704 4306 2848 4365 dixit
2882 4328 2893 4368 :
2936 4326 2963 4366 ‹
2992 4306 3205 4368 Nullus
3228 4306 3439 4381 bonus,
3464 4307 3749 4369 nisiunus

2107 4393 2283 4455 Deus.
2341 4419 2362 4449 ι
2416 4396 2667 4466 Bonum,
2728 4393 2937 4474 inquit,
2996 4413 3089 4455 me
3143 4395 3360 4469 dixisti,
3425 4414 3530 4455 cur
3576 4396 3752 4473 igitur

2106 4484 2402 4564 adjecisti,
2429 4484 2807 4564 Praeceptor?
2834 4484 3068 4547 Videris
3091 4484 3249 4546 enim
3282 4486 3436 4565 quod
3464 4504 3557 4547 me
3580 4490 3750 4566 quasi

2104 4593 2285 4635 unum
2333 4592 2401 4635 ex
2456 4574 2659 4634 multis
2690 4572 2929 4636 habeas.
2985 4573 3149 4645 Quod
3201 4574 3249 4634 si
3295 4574 3403 4653 sic,
3451 4594 3568 4647 non
3618 4596 3748 4637 sum

2104 4663 2321 4726 bonus.
2355 4662 2566 4724 Nullus
2599 4662 2757 4723 enim
2795 4663 3096 4723 hominum
3123 4663 3312 4724 bonus
3344 4665 3601 4743 proprie,
3637 4665 3753 4730 niSi

2104 4772 2258 4814 unus
2288 4752 2466 4814 Dens.
2485 4751 2648 4824 Quod
2673 4752 2723 4812 si
2747 4752 2966 4813 bonum
2992 4770 3087 4816 me
3110 4754 3313 4814 dicere
3344 4754 3447 4821 vis,
3474 4761 3536 4812 ut
3560 4755 3746 4815 Deum

2109 4860 2203 4902 me
2236 4841 2456 4903 bonum
2508 4842 2711 4901 dicas:
2765 4860 2837 4903 ne
2872 4842 3123 4903 accedas
3176 4850 3242 4903 ut
3294 4842 3365 4902 ad
3416 4842 3747 4921 simplicem

2105 4931 2432 4996 hominem.
2468 4929 2530 4992 Si
2565 4930 2724 4991 enim
2759 4949 2855 4990 me
2884 4948 3261 4994 communem
3295 4931 3611 5009 quemdam
3647 4933 3750 4993 ho-

2104 5021 2325 5082 minem
2361 5027 2550 5101 putas,
2600 5038 2675 5081 ne
2702 5039 2876 5082 voces
2908 5020 3152 5083 bonum.
3194 5020 3351 5081 Deus
3404 5021 3560 5081 enim
3612 5040 3751 5083 vere

2102 5108 2387 5177 bonus,et
2416 5110 2545 5170 fons
2568 5109 2934 5172 bonitatis.et
2966 5108 3325 5188 principium
3349 5109 3750 5173 substantialis

2104 5198 2421 5260 bonitatis:
2458 5217 2566 5259 nos
2600 5207 2795 5259 autem
2848 5198 3119 5259 homines
3162 5199 3302 5259 licet
3350 5199 3487 5259 boni
3536 5198 3745 5277 simus,

2102 5306 2218 5349 non
2247 5294 2444 5348 tamen
2472 5289 2734 5367 proprie,
2771 5288 2875 5348 sed
2902 5286 3225 5366 participes
3248 5286 3527 5348 bonitatis
3569 5286 3745 5364 illius,

2098 5376 2495 5457 promiscuam
2558 5376 2845 5437 habemus
2903 5375 3247 5449 bonitatem,
3312 5377 3751 5458 mutabilesque

2101 5463 2502 5527 sumus.Nosti
2526 5475 2848 5546 praecepta:
2873 5464 3001 5526 Non
3018 5466 3746 5550 committesadulterium,

2101 5574 2220 5616 non
2247 5556 2509 5629 occides,
2544 5575 2662 5618 non
2693 5555 2903 5617 falsum
2950 5556 3352 5617 testimonium
3400 5556 3583 5627 dices,
3628 5566 3745 5620 etc.

2102 5644 2275 5709 Prius
2298 5645 2388 5707 lex
2416 5647 2651 5724 ccrrigit
2678 5664 2744 5708 ea
2772 5645 2828 5706 in
2852 5665 2984 5725 quae
3005 5646 3173 5706 facile
3199 5647 3495 5707 cadimus:
3534 5648 3751 5707 deinde
