4126 6282
476 380 612 443 lOll

469 611 558 664 est
591 601 952 664 adulterium
985 602 1384 674 committere,
1418 602 1556 680 quia
1585 602 1738 680 ignis
1758 599 2044 662 naturalis
2063 606 2120 658 et

463 691 733 752 internus
759 709 773 765 ;
810 691 1106 766 occidere,
1131 691 1266 770 quia
1289 691 1444 752 mala
1464 690 1648 751 bestia
1673 699 1761 752 est
1785 686 2118 750 ira.Furari

464 789 662 842 autem
694 781 876 842 levius
909 789 1014 853 est,
1047 789 1105 842 et
1152 781 1210 840 iu
1253 779 1460 840 falsum
1499 780 1899 840 testimonium
1927 776 2118 837 rarius

447 868 739 932 -incidere
763 868 1234 947 contingit.ldeo
1261 877 1316 928 et
1351 869 1448 929 illa
1479 868 1716 948 quidem
1753 867 1915 947 prius
1937 866 2116 927 corri-

465 967 793 1037 guntur,eo
823 959 980 1038 quod
1012 957 1183 1018 facile
1205 957 1262 1018 in
1293 957 1394 1018 illa
1425 957 1826 1038 prolabamur,
1851 955 2117 1033 quamvis

465 1047 684 1128 alioqui
723 1048 987 1126 graviora
1016 1046 1133 1106 sint
1200 1046 1336 1108 Haec
1360 1056 1582 1121 autem,
1619 1047 1836 1107 furtum
1871 1045 2026 1118 dico,
2061 1053 2118 1105 et

468 1137 674 1198 falsum
712 1136 1138 1204 testimonium,
1177 1136 1441 1196 secundo
1495 1137 1620 1196 loco
1675 1135 1858 1215 ponit,
1895 1145 1956 1195 ut
1988 1153 2116 1214 quae

464 1225 658 1286 rarius
672 1227 1105 1303 contingant,et
1131 1224 1351 1285 leviora
1374 1225 1512 1285 sint.
1543 1225 1724 1286 Porro
1746 1224 1805 1285 in
1839 1231 2112 1304 parentes

465 1314 1012 1395 peccare,quamvis
1029 1313 1339 1392 sitgrande
1365 1323 2108 1394 peccatum,verumtamen

464 1404 658 1464 rarius
692 1403 999 1481 contingit.
1029 1405 1158 1464 Non
1193 1401 1348 1463 enim
1389 1403 1560 1464 facile
1592 1403 1888 1463 invenitur
1909 1402 2008 1480 qui
2034 1403 2110 1462 ita

466 1491 812 1553 bestialibus
837 1490 1102 1552 moribus
1116 1491 1284 1561 sit,ut
1305 1491 1364 1550 in
1389 1500 1664 1572 parentes
1686 1484 2115 1566 debacchetur;

466 1581 635 1660 pauci
658 1581 816 1642 enim
851 1590 1269 1659 sunt,raroque
1295 1581 1359 1640 fit
1387 1598 1400 1642 :
1431 1589 1490 1639 et
1521 1580 1655 1641 ideo
1694 1581 1986 1660 posterius
2010 1599 2109 1659 po-

467 1674 897 1754 nit.l’ostquam
921 1681 1116 1735 autem
1151 1673 1504 1733 adolescens
1535 1691 1598 1734 se
1621 1673 1820 1733 omnia
1837 1673 1957 1733 haec
1991 1693 2111 1735 ser-

463 1781 635 1822 vasce
669 1763 813 1822 dixit
865 1781 897 1822 a
940 1763 1273 1840 juVentute,
1311 1762 1672 1842 praescripsit
1721 1771 1778 1822 et
1831 1764 2170 1845 DominusB

467 1861 1077 1932 paupertatem,caput
1103 1853 1369 1911 omnium
1403 1851 1706 1913 virtutum.
1744 1851 1888 1913 Vide
1913 1863 2107 1913 autem

466 1939 654 2019 legem
681 1940 1012 2002 Christiana
1033 1940 1145 1999 vita
1178 1939 1450 2018 dignam:
1489 1941 1703 2004 Omnia
1720 1960 2110 2022 quaecumque

464 2028 650 2089 habes
681 2027 1093 2108 vende.iuquit
1122 2044 1136 2101 ;
1171 2046 1302 2088 nam
1337 2029 1385 2088 si
1419 2029 1560 2108 quid
1593 2029 1926 2110 reliqueris,
1952 2029 2111 2089 illius

464 2135 668 2178 servus
693 2135 776 2177 es.
813 2116 882 2177 Et
910 2116 1197 2177 distribue
1226 2136 1343 2176 non
1371 2116 1649 2178 divitibus
1681 2118 1968 2198 cognatis,
2003 2118 2107 2179 sed

463 2207 844 2286 pauperibus.
889 2206 1081 2267 Habet
1109 2215 1302 2267 autem
1339 2213 1399 2266 et
1438 2206 1830 2268 distribuendi
1863 2207 2103 2270 verbum

462 2296 790 2374 emphasim
815 2295 1159 2376 quamdam,
1185 2303 1246 2354 ut
1277 2314 1409 2356 cum
1442 2295 1956 2375 dijudicatione,et
1989 2316 2105 2358 non

462 2385 702 2446 fortuito
736 2385 1148 2463 dispergantur
1179 2383 1354 2446 bona.
1402 2386 1540 2444 458
1584 2385 1872 2458 Quoniam
1909 2395 2104 2446 autem

463 2492 596 2533 cum
624 2482 960 2552 paupertate
976 2481 1026 2532 et
1042 2472 1186 2532 alias
1209 2473 1427 2535 habere
1442 2474 1681 2534 virtutes
1703 2475 2101 2537 Christianum

463 2570 1037 2640 Oportet,propterea
1061 2562 1200 2621 dicit
1227 2582 1238 2623 :
1271 2561 1341 2622 Et
1370 2563 1526 2626 veni.
1557 2581 1806 2642 sequere
1827 2583 1957 2625 me:
1993 2566 2106 2626 hoc

462 2658 571 2724 est,
607 2661 665 2710 et
695 2652 749 2710 in
788 2651 1066 2710 omnibus
1097 2651 1231 2712 aliis
1277 2659 1401 2712 esto
1454 2651 1781 2731 discipulus
1823 2671 2014 2727 meus,
2049 2664 2107 2716 et

459 2757 696 2816 semper
724 2757 998 2818 sequere,
1036 2758 1150 2798 non
1206 2738 1381 2801 hodie
1429 2741 1692 2820 quidem,
1733 2761 1862 2803 cras
1907 2758 2101 2805 autem

457 2826 680 2889 non.Ut
699 2835 891 2888 autem
919 2847 1089 2888 avaro
1118 2831 1704 2908 promisitcmlestem
1735 2831 2101 2909 thesaurum,

459 2917 568 2978 sed
595 2937 706 2978 non
729 2917 978 2978 attendit
1003 2916 1122 2978 ille:
1147 2935 1354 2980 servus
1377 2922 1531 2979 enim
1553 2928 1678 2980 erat
1696 2921 2100 2998 pecuniarum:

453 3007 591 3067 ideo
625 3014 681 3066 et
706 3016 768 3067 ut
787 3005 1186 3084 audivit,abiit
1209 3007 1413 3088 tristis,
1437 3027 1506 3069 eo
1533 3010 1683 3089 quod
1713 3010 2104 3090 possessionis

1430 374 2025 443 THEOPHYLACTI
2071 373 2480 438 BULGARI/E
2525 377 2874 439 ARCHIEP.

465 514 640 576 etiam
676 533 742 574 ea
770 514 830 574 in
863 513 1078 595 quibus
1109 529 1224 576 non
1260 513 1450 584 multi,
1512 532 1704 593 neque
1734 511 1949 592 saepius
1981 530 1993 570 :
2036 517 2100 569 ut

2206 507 2430 584 ἔνδοθεν,
2487 511 2548 566 τὸ
2601 511 2859 589 φονεύειν,

3700 378 3864 442 1012

2915 510 3102 578 ἐπειδὴ
3156 511 3295 588 μέγα
3351 512 3530 590 θηρῖον
3573 515 3601 568 ὁ
3646 515 3807 586 (lupo;
3843 529 3859 540 ⁸

2201 599 2272 655 Τὸ
2330 597 2385 653 δὲ
2437 597 2685 656 κλέπτειν
2739 598 3110 680 ἐλαφρότερον,
3168 603 3255 658 καὶ
3307 607 3377 677 τῇ
3435 598 3868 679 ψευδομαρτυρίᾳ

2199 687 2481 751 σπανιάκις
2542 689 2872 764 περιπίπτειν
2916 687 3048 749 ἔστι.
3105 691 3199 746 Διὸ
3256 690 3438 747 ἐκεῖνα
3469 691 3566 768 μὲν
3597 691 3862 770 πρότερον

2199 773 2510 857 διορθοῦται,
2543 779 2640 834 οἶα
2681 777 2913 840 εὐκόλως
2978 778 3134 854 ἡμῶν
3189 780 3263 844 εἰς
3306 778 3489 836 ἐκεῖνα
3515 778 3859 837 ὀλισθαινόν-

2197 886 2325 934 των,
2385 867 2472 922 καὶ
2527 865 2701 928 ἄλλως
2745 868 3001 947 βαρύτερα
3044 867 3195 926 ὅντα.
3255 876 3427 927 Ταῦτα
3474 866 3554 948 δέ,
3585 869 3679 936 τὴν
3711 868 3858 924 κλο-

2198 955 2307 1023 πήν
2363 978 2527 1034 φημι,
2591 957 2677 1011 καὶ
2725 957 2823 1023 τὴν
2867 954 3342 1036 ψευδομαρτυρίαν,
3385 955 3568 1036 δετέρα
3616 959 3855 1030 τίθησιν,

2197 1045 2270 1107 ὡς
2315 1045 2401 1100 καὶ
2445 1045 2724 1108 σπανιάκις
2781 1045 3091 1119 ἀπατῶντα,
3153 1049 3241 1102 καὶ
3298 1046 3638 1127 ἐλαφρότερα.
3697 1046 3860 1103 Ἐπεὶ

2197 1129 2252 1186 δὲ
2284 1133 2346 1188 τὸ
2375 1133 2446 1196 εἰς
2479 1146 2660 1210 γονεῖς
2690 1135 3037 1214 ἁμαρτάνειν,
3074 1137 3117 1190 εἰ
3161 1139 3248 1192 καὶ
3281 1138 3417 1214 μέγα
3473 1137 3613 1192 ἐστὶν
3669 1137 3854 1212 ἀμαρ-

2194 1241 2362 1295 τημα,
2400 1219 2518 1277 ἀλλ’
2550 1223 2637 1278 οὖν
2668 1225 2740 1284 ὡς
2772 1224 2849 1298 μὴ
2879 1225 3137 1302 συχνάκις
3190 1222 3481 1301 συμϐαῖνον
3516 1241 3529 1256 '
3578 1222 3694 1279 οὖἃέ
3747 1226 3860 1302 γὰρ

2195 1313 2446 1367 τοσοῦτον
2509 1310 2783 1390 θηριώδεις
2857 1313 3089 1376 εὐκόλως
3152 1315 3482 1392 εὑρίσκονται
3539 1315 3588 1370 οἱ
3629 1311 3852 1390 πολλοὶ,

2195 1400 2268 1462 ὡς
2329 1401 2400 1464 εἰς
2460 1414 2640 1479 γονεῖς
2693 1415 2992 1481 παροινεῖν,
3050 1401 3168 1482 ἀλλ’
3218 1405 3487 1482 ὀλιγάκις,
3532 1405 3619 1458 καὶ
3647 1402 3850 1477 ὀλίγον

2195 1487 2410 1566 ὕστερον
2477 1490 2679 1546 τούτων
2732 1490 2987 1550 τέθεικεν.
3049 1481 3143 1553 Ὠς
3201 1489 3255 1547 δὲ
3333 1494 3360 1547 6
3404 1494 3672 1555 νεανίσκος
3717 1492 3854 1546 εἷπε

2195 1586 2356 1636 ταῦτα
2400 1578 2570 1634 πάντα
2612 1577 2930 1659 φυλάξασθαι
2988 1579 3048 1636 ἐκ
3109 1580 3384 1653 νεότητος⁹
3435 1582 3497 1636 τὸ
3555 1579 3852 1659 κεφάλαιον

2193 1662 2406 1722 πάντων
2465 1668 2562 1734 τήν
2593 1667 2969 1743 ἆκτημοσύνην
3001 1671 3027 1725 6
3081 1670 3269 1747 Κύριος
3323 1671 3465 1744 αὐτῷ
3519 1669 3845 1725 ὑποτίθεται.

2197 1744 2342 1826 ΗΟρα
2397 1754 2451 1810 δέ
2519 1756 2710 1831 νόμους
2785 1744 3169 1836 Χριστιανικῆς
3214 1757 3484 1819 πολιτείας
3565 1764 3641 1830 τῷ
3703 1756 3848 1835 ὄντι,

2194 1845 2372 1901 Πάντα
2416 1843 2514 1900 ὅσα
2559 1845 2706 1926 ἔχεις
2749 1848 3027 1917 πώλησον,
3062 1847 3218 1926 φησίν
3257 1862 3269 1876 ·
3332 1849 3376 1903 εἰ
3420 1847 3519 1925 γάρ
3550 1868 3598 1902 τι
3642 1844 3849 1902 ἐναπο-

2195 1933 2377 2011 μείνῃ,
2425 1931 2625 1992 ἐκείνου
2667 1932 2850 2000 δοῦλος
2912 1935 2968 1991 εἷ
3002 1950 3018 1966 ⁹
3081 1937 3169 1993 καὶ
3223 1932 3422 2008 διάδος,
3471 1934 3528 1991 οὔ
3573 1933 3851 2012 συγγενέσι

2193 2018 2486 2087 πλουσίοις,
2537 2021 2675 2079 ἀλλὰ
2718 2037 2992 2103 πτωχοῖς.
3027 2027 3195 2098 Οἶμαι
3225 2021 3277 2078 δὲ
3307 2023 3388 2079 ὅτι
3417 2025 3507 2080 καὶ
3537 2045 3596 2079 το
3630 2020 3850 2097 Διέδος,

2194 2109 2420 2190 ἔμφασιν
2481 2112 2596 2193 ἔχει
2654 2126 2746 2174 τοὺ
2805 2116 2939 2190 μετὰ
2995 2116 3238 2193 κρίσεως,
3300 2116 3387 2170 καὶ
3441 2116 3516 2189 μὴ
3545 2117 3617 2176 ὡς
3656 2113 3844 2192 ἔτυχε,

2188 2202 2279 2256 τὸν
2322 2202 2429 2258 τῶν
2489 2204 2786 2281 χρημάτων
2846 2206 3175 2283 σκορπισμὸν
3227 2206 3520 2262 ποιεῖσθαι.
3579 2203 3731 2260 Ἐπεὶ
3784 2201 3844 2261 δέ

2189 2290 2281 2344 σὺν
2324 2296 2390 2366 τῇ
2445 2291 2792 2369 ἀκτημοσύνῃ
2824 2291 2906 2349 δεῖ
2935 2295 3026 2349 καὶ
3053 2294 3154 2360 τὴν
3213 2291 3384 2359 ἄλλην
3433 2291 3621 2370 ἀρετὴν
3663 2298 3840 2348 πᾶσαν

2188 2394 2463 2458 προσεῖναι
2495 2387 2572 2454 τῷ
2614 2382 2891 2462 ἀνθρώπῳ,
2953 2380 3037 2438 διὰ
3081 2390 3234 2439 τοῦτο
3297 2386 3418 2438 εἷπε
3453 2397 3466 2411 ⁸
3535 2383 3631 2439 Καὶ
3692 2378 3838 2457 δεῦρο

2188 2466 2460 2525 ἀκολούθει
2521 2493 2635 2544 μοι,
2679 2471 2940 2545 τουτέστι,
3013 2474 3109 2529 Καὶ
3177 2471 3230 2527 ἐν
3286 2478 3414 2527 πᾶσι
3472 2485 3588 2535 τοῖς
3647 2469 3832 2532 ἄλλοις

2189 2556 2299 2613 ἴσθι
2359 2562 2603 2634 μαθητὴς
2661 2560 2813 2634 ἐμὸς,
2873 2567 2961 2616 καὶ
3007 2560 3088 2616 ἀεὶ
3138 2559 3433 2632 ἀκολούθει,
3489 2561 3567 2635 μὴ
3597 2562 3830 2636 σήμερον

2190 2647 2313 2727 μὲν,
2373 2645 2550 2726 αὔριον
2580 2646 2626 2703 δ’
2658 2648 2737 2711 οὔ,
2794 2641 2884 2715 Ὦς
2941 2647 2995 2705 δὲ
3052 2648 3445 2729 φιλοχρημάτῳ
3475 2649 3829 2727 ἐπηγγείλατο

2188 2737 2280 2790 τὸν
2321 2738 2375 2792 ἐν
2435 2738 2680 2815 οὐρανοῖς
2720 2740 3006 2818 θησαυρὸν,
3053 2735 3171 2792 ἀλλ’
3218 2737 3275 2792 οὒ
3318 2736 3617 2816 προσέσχεν
3661 2740 3687 2793 ὁ
3730 2737 3825 2817 ἄρ-

2189 2848 2328 2903 χων,
2392 2824 2573 2887 δοῦλος
2631 2827 2729 2904 γὰρ
2759 2826 2823 2893 ἧν
2853 2833 2958 2882 τῶν
2987 2826 3313 2906 χρημάτων,
3365 2824 3444 2881 διὸ
3487 2829 3573 2882 καὶ
3603 2825 3826 2891 ἀκούσας

2189 2912 2450 2982 ἐλυπήθη,
2487 2913 2565 2969 ὅτι
2598 2915 2844 2992 στέρησιν
2907 2917 3047 2990 αὐτῷ
3106 2920 3205 2981 τῆς
3235 2916 3475 2984 κτήσεως
3507 2916 3814 2993 εἰσηγεῖται,

2187 3000 2318 3057 ὅπου
2374 3025 2434 3081 γε
2488 3005 2640 3066 αὐτὸς
2686 3006 2774 3060 καὶ
2817 3006 2913 3072 τῆς
2958 3006 3168 3062 αἰωνίου
3209 3008 3350 3074 ζωῆς
3396 3002 3479 3059 διὰ
3521 3011 3678 3061 τοῦτο
3705 3003 3816 3058 ἐπι-

457 3097 698 3176 privatio
723 3105 880 3157 esset
903 3095 958 3156 ei
982 3096 1414 3177 dicta,propter
1443 3117 1619 3178 quam
1653 3098 1784 3178 ipse
1820 3108 2098 3160 aeternam

2188 3093 2372 3166 θυμεῖ,
2419 3094 2491 3156 ὡς
2539 3094 2599 3148 ἂν
2646 3093 2730 3149 ἐπὶ
2776 3093 2911 3149 πολὺ
2956 3099 3022 3170 τῇ
3065 3099 3169 3148 τῶν
3223 3094 3522 3172 χρημάτων
3565 3094 3826 3171 περιουσία

454 3189 625 3245 vitam
661 3185 976 3259 desiderat,
1003 3203 1118 3264 quo
1169 3185 1355 3265 possit
1389 3197 1675 3267 perpetuo
1709 3187 1929 3249 divitiis
1960 3190 2094 3252 frui.

455 3275 743 3335 Caeterum
779 3283 834 3335 et
865 3274 1100 3335 tristitia
1129 3275 1318 3352 arguit
1349 3293 1483 3335 eum
1517 3275 1866 3339 benevolum
1893 3285 1952 3337 et
1981 3297 2096 3339 non

458 3363 773 3441 malignum
813 3363 1014 3425 fuisse.
1066 3363 1276 3424 Nullus
1328 3365 1482 3424 enim
1520 3365 1948 3427 Pharisaeoaum
1983 3386 2096 3427 un-

455 3470 633 3528 quam
680 3451 863 3513 tristis
909 3451 1072 3525 abiit,
1119 3451 1222 3510 sed
1268 3466 1648 3532 exasperatus
1697 3455 1912 3532 potius.
1969 3457 2096 3517 Non

453 3539 662 3617 ignoro
681 3546 878 3601 autem
895 3539 1048 3619 quod
1077 3558 1350 3617 magnum
1377 3541 1670 3604 luminare
1693 3543 1894 3602 mundi
1920 3545 2103 3624 Chry-

455 3637 752 3689 εοείοιγιυε
781 3627 1219 3688 adolescentem
1253 3631 1413 3690 hunc
1444 3648 1580 3690 vere
1609 3638 1884 3691 :eternam
1919 3633 2099 3693 vitam

455 3716 827 3777 desiderasse
852 3716 1328 3795 putarit,etquod
1351 3719 1508 3778 illam
1533 3721 1771 3798 quidem
1793 3723 2097 3795 amaverit,

455 3805 760 3867 laborasse
790 3813 984 3866 autem
1015 3805 1346 3868 difﬁciliore
1377 3807 1581 3869 morbo
1607 3811 1864 3872 avaritiae
1890 3831 1901 3870 :
1941 3811 2098 3872 nihi-

454 3895 710 3956 lominus
748 3914 864 3955 non
910 3903 1073 3957 caret
1115 3895 1305 3975 gratia
1337 3899 1486 3978 quod
1524 3917 1639 3959 non
1663 3901 1956 3978 adjectum
1989 3910 2096 3970 est.

452 3985 606 4066 quod
631 3991 905 4063 tanquam
923 4002 1132 4044 avarus
1146 3984 1324 4044 vitam
1347 3996 1624 4048 aeternam
1648 3989 2096 4050 desideraverit.

539 4075 716 4134 Vens.
745 4075 820 4135 24
853 4072 1228 4136 3θ.«νίάρηε
1249 4083 1440 4136 autem
1461 4078 1630 4138 Jesus
1655 4077 1819 4139 illum
1847 4098 2100 4140 mcerore

449 4162 922 4224 all'ectum.dixit:
951 4161 1134 4234 Quam
1159 4162 1402 4226 difficile
1425 4165 1524 4245 qui
1547 4167 1827 4246 pecunias
1850 4168 2095 4242 habent,

451 4255 507 4314 in
541 4270 788 4330 regnum
817 4250 922 4312 Dei
946 4250 1294 4312 intrabunt!
1333 4255 1586 4316 Facilius
1609 4259 1872 4317 estenim
1908 4275 2097 4318 came-

444 4342 566 4401 lum
606 4358 711 4420 per
738 4340 1002 4401 foramen
1029 4359 1175 4402 acus
1206 4345 1484 4418 transire,
1520 4363 1692 4423 quam
1721 4345 1962 4406 divitem
1996 4347 2092 4408 in-

2181 3183 2268 3237 καὶ
2327 3183 2548 3246 αἰωνίως
2608 3180 2841 3256 ἐμϐιοίη,
2911 3185 3005 3240 Καὶ
3091 3185 3152 3238 τὸ
3210 3181 3514 3250 λυπηθῆναι
3572 3180 3626 3238 δὲ
3675 3186 3826 3240 αὐτὸν

2181 3271 2510 3348 εὐγνώμονα,
2573 3271 2690 3328 ἀλλ’
2727 3275 2788 3329 ού
2823 3279 3116 3350 πανοῦργον
3163 3270 3444 3339 ὺποδηλοῖ.
3505 3271 3680 3335 Οὐδεὶς
3709 3280 3831 3350 γοῦν

2180 3367 2285 3415 τῶν
2334 3361 2630 3439 Φαρισαίων
2675 3359 2912 3430 ἐλυπήθη
2943 3361 3097 3434 ποτε,
3134 3359 3269 3416 ἀλλὰ
3299 3358 3501 3436 μᾶλλον
3531 3360 3818 3439 ἧγρίαινον.

2181 3449 2287 3506 Οὐκ
2342 3449 2516 3526 ἀγνοῶ
2573 3449 2650 3526 δὲ,
2699 3450 2780 3506 ὅτι
2811 3451 2843 3504 'o
2883 3450 3048 3528 μέγας
3092 3451 3190 3516 τῆς
3251 3450 3560 3525 οἰκουμένης
3607 3450 3824 3530 φωστὴρ

2185 3539 2212 3592 6
2269 3546 2498 3618 χρυσοῦς
2547 3540 2642 3606 τὴν
2673 3538 2916 3617 γλῶτταν
2958 3545 3055 3605 τῆς
3103 3539 3264 3604 ὄντως
3308 3539 3517 3595 αἰωνίου
3547 3539 3685 3610 ζωῆς
3713 3538 3828 3595 ἐπι-

2183 3629 2370 3700 θυμεῖν
2426 3630 2516 3683 τὸν
2569 3629 2836 3683 νεανίσκον
2890 3635 3070 3684 τοῦτον
3129 3626 3360 3701 ἐδέξατο,
3423 3629 3510 3684 καὶ
3551 3631 3671 3706 ἐρᾷν
3729 3629 3826 3703 μὲν

2185 3715 2376 3791 αὐτῆς,
2422 3716 2743 3796 κατέχεσθαι
2800 3715 2853 3771 δὲ
2917 3718 3068 3773 πάθει
3126 3719 3322 3790 μείζονι
3372 3723 3439 3793 τῇ
3468 3717 3774 3797 φιλαργυρίᾳ
3807 3733 3820 3746 ⁸

2186 3803 2325 3872 πλὴν
2357 3810 2450 3864 οὐκ
2481 3805 2642 3885 ἄχαρι
2685 3807 2771 3861 καὶ
2803 3807 2830 3860 ὃ
2859 3813 2946 3860 νῦν
2989 3807 3302 3885 προσετέθη,
3338 3805 3418 3862 ὅτι
3449 3810 3520 3870 ὼς
3552 3809 3825 3886 φιλοχρή-

2186 3915 2352 3968 ματος
2385 3897 2629 3970 ἐπεθύμει
2660 3899 2802 3966 ζωὴς
2837 3896 3066 3955 αἰωνίου.

2270 4094 2297 4126 α
2347 4069 2490 4129 ’ἰδὼν
2541 4069 2595 4127 δὲ
2645 4073 2797 4129 αὐτὸν
2849 4075 2874 4129 6
2941 4072 3143 4139 Ἰησοῦς
3184 4073 3468 4152 περίλυπον
3515 4073 3819 4152 γενόμενον,

2181 4163 2305 4216 εἷπε
2344 4181 2356 4193 ’
2396 4167 2514 4223 ΙΙῶς
2545 4158 2813 4224 δυσκόλως
2843 4165 2889 4217 οἱ
2921 4163 2982 4216 τὰ
3013 4165 3272 4241 χρήματα
3304 4161 3542 4241 ἔχοντες,
3590 4161 3819 4220 εἰσελεύ-

2183 4271 2359 4306 σονται
2404 4251 2476 4313 εἰς
2508 4254 2607 4311 την
2662 4249 2928 4308 ϐασιλείαν
2961 4259 3052 4308 τοὺ
3097 4250 3262 4313 Θεοῦί
3311 4252 3683 4328 Εὐκοπώτερον
3727 4253 3822 4330 γὰρ

2179 4337 2291 4394 ἐστι
2349 4337 2593 4413 κάμηλον
2681 4338 2765 4395 διὰ
2843 4339 3136 4418 τρυμαλιᾶς
3195 4341 3404 4420 ῥαφίδος
3463 4339 3712 4415 διελθεῖν,
3789 4346 3822 4406 ὴ

447 4439 604 4490 trare
639 4431 696 4490 in
727 4447 976 4507 regnum
1012 4428 1138 4490 Dei.
1175 4433 1244 4493 Et
1276 4431 1554 4493 dixerunt
1585 4434 1683 4512 qui
1729 4435 2040 4496 audierant
2077 4457 2090 4497 :

2188 4426 2429 4484 πλούσιον
2487 4430 2559 4491 εἰς
2617 4431 2714 4497 τὴν
2773 4429 3044 4504 βασιλείαν
3087 4437 3178 4486 τοῦ
3225 4433 3358 4487 Θεοῦ
3381 4430 3661 4491 εἰσελθεῖν,
3729 4434 3826 4486 Εἰ-

444 4517 515 4580 Et
535 4518 668 4596 quis
692 4526 882 4598 potest
921 4519 1115 4581 salvus
1146 4518 1273 4579 fieri
1295 4517 1324 4577 ?
1356 4524 1430 4582 At
1476 4520 1580 4581 ille
1609 4522 1693 4582 ait
1737 4544 1750 4580 :
1805 4519 1946 4594 Quae
1979 4525 2094 4584 im-

449 4607 756 4688 possibilia
788 4617 924 4668 sunt
949 4609 1103 4686 apud
1139 4608 1436 4689 homines,
1461 4611 1762 4689 possibilia
1785 4622 1921 4672 sunt
1942 4615 2095 4693 apud

444 4697 654 4759 Deum.
689 4697 784 4757 Ait
813 4704 1011 4758 autem
1064 4699 1266 4757 Petrus
1318 4717 1331 4758 :
1394 4696 1546 4759 Ecce
1594 4719 1700 4760 nos
1747 4702 2098 4781 reliquimus

441 4788 662 4847 omnia.
689 4785 798 4857 Qui
831 4786 977 4846 dixit
1005 4786 1131 4848 eis:
1164 4788 1357 4847 Amen
1389 4788 1522 4849 dico
1557 4790 1752 4864 vobis,
1787 4810 1966 4851 nemo
2007 4784 2098 4854 est

443 4876 540 4954 qui
572 4874 810 4954 reliquit
843 4875 1107 4953 domum,
1139 4884 1240 4935 aut
1270 4886 1565 4958 parentes,
1588 4886 1688 4939 aut
1724 4883 1956 4954 fratres,
1993 4889 2094 4943 aut

443 4983 707 5035 uxorem,
733 4975 832 5025 aut
865 4964 1084 5024 liberos
1119 4975 1361 5043 propter
1395 4984 1640 5044 regnum
1677 4969 1806 5042 Dei,
1841 4971 1941 5050 qui
1973 4991 2091 5032 non

441 5061 795 5130 recepturus
825 5053 903 5113 sit
935 5052 1117 5112 multo
1153 5052 1320 5132 plura
1369 5054 1428 5114 in
1465 5057 1576 5118 hoc
1622 5065 1912 5138 tempore,
1945 5068 2004 5121 et
2036 5062 2090 5122 in

439 5152 685 5204 venturo
719 5143 934 5202 saeculo
958 5141 1137 5201 vitam
1169 5155 1474 5206 aeternam.
1518 5171 1538 5201 υ
1588 5145 1899 5226 Postquam
1932 5149 2092 5210 dives

437 5231 670 5293 audivit
701 5231 1065 5311 abjicieudas
1097 5230 1350 5298 divitias,
1389 5252 1641 5297 maerore
1681 5236 1926 5298 affvctus
1951 5249 2040 5301 est
2075 5271 2088 5311 ε

438 5321 596 5382 unde
620 5320 766 5382 dicit
787 5320 1074 5381 Dominus
1092 5319 1426 5382 admirabili
1448 5323 1634 5402 ﬁgura
1657 5327 1951 5405 quomodo
1976 5327 2094 5388 dif-

435 5410 589 5472 ﬁcile
612 5409 684 5470 sit
708 5408 998 5470 habentes
1025 5410 1313 5489 pecunias
1343 5412 1398 5472 in
1430 5431 1676 5490 regnum
1696 5416 1977 5476 oculorum
1996 5417 2088 5478 in-

433 5499 622 5577 gredi.
648 5497 774 5558 Non
805 5499 946 5559 dicit
977 5498 1132 5579 quod
1173 5500 1544 5578 impossibile
1580 5502 1654 5563 sit
1694 5521 1796 5564 eos
1833 5506 2084 5582 ingredi,

434 5587 536 5650 sed
562 5587 809 5648 difﬁcile
839 5587 968 5649 Non
995 5587 1152 5648 enim
1179 5587 1547 5666 impossibile
1571 5604 1658 5653 est
1678 5593 1889 5655 salvari
1917 5595 2084 5655 tales.

436 5675 727 5741 Possibile
756 5677 912 5737 enim
967 5676 1306 5755 expendere
1349 5681 1690 5758 pecuniam,
1725 5689 1782 5743 et
1829 5701 2087 5765 superna

2178 4539 2278 4573 πον
2337 4517 2390 4573 δὲ
2435 4520 2482 4574 οἱ
2513 4518 2829 4584 ἀκούσαντες
2865 4538 2878 4552 ·
2933 4522 3026 4576 Καὶ
3060 4521 3135 4581 τίς
3167 4517 3378 4576 δύναται
3424 4522 3699 4590 σωθῆναις
3749 4508 3763 4528 ’
3785 4527 3824 4575 Ο

2185 4602 2230 4634 ειλ
2450 4625 2463 4638 .
2571 4608 2582 4622 η
2662 4606 2676 4626 ν
2733 4608 2745 4630 ι
3050 4610 3062 4626 ς
3141 4609 3154 4628 ν
3281 4609 3292 4628 ι
3502 4606 3524 4625 κ
3670 4608 3682 4626 ρ
3716 4609 3727 4624 1

2179 4621 2233 4660 0;
2290 4607 2414 4662 εἶπε
2522 4618 2597 4666 Ta
2657 4605 2881 4664 αδυνατα
2935 4630 3076 4687 παρα
3132 4612 3447 4686 ανθρωποις.
3497 4621 3687 4665 ουνατα
3717 4628 3825 4663 εστι

2178 4696 2321 4772 παρὰ
2352 4704 2428 4771 τῷ
2460 4703 2597 4769 usq».
2650 4699 2787 4754 Εἶπε
2819 4695 2872 4752 δὲ
2919 4700 2946 4754 6
2987 4698 3183 4768 Πέτρος
3221 4714 3233 4726 ·
3296 4697 3424 4755 Ἰδοὺ
3454 4701 3617 4771 ἡμεῖς
3650 4697 3826 4774 dep-:1",-

2181 4803 2350 4857 καμεν
2401 4784 2594 4841 πάντα.
2661 4775 2718 4841 Ὀ
2762 4782 2816 4840 δὲ
2859 4788 3012 4842 εἶπεν
3057 4788 3198 4860 αὖτῷ
3235 4809 3244 4820 ·
3284 4785 3452 4860 Ἀμὴν
3497 4785 3639 4862 λέγω
3667 4786 3818 4863 ὑμῖν,

2178 4871 2260 4927 ὅτι
2311 4871 2475 4937 οὐδείς
2506 4872 2670 4948 ἐστιν,
2719 4875 2774 4938 ὃς
2822 4873 3022 4954 ἀφῆκεν
3068 4876 3258 4951 οἰκίαν,
3359 4888 3562 4954 γονεῖς,
3596 4874 3630 4941 ἢ
3665 4871 3818 4928 αδελ-

2176 4963 2326 5039 φοὺς,
2366 4963 2402 5029 ἢ
2432 4977 2681 5040 γυναῖκα,
2745 4963 2780 5030 ἢ
2831 4964 2986 5019 τέκνα
3039 4963 3212 5021 ἕνεκεν
3255 4971 3353 5031 τῆς
3405 4963 3673 5040 βασιλείας
3730 4974 3819 5018 του

2176 5059 2327 5124 Θεοῦ,
2362 5054 2418 5115 ὃς
2470 5053 2528 5107 οὗ
2573 5054 2650 5128 μὴ
2681 5051 2926 5130 ἀπολάϐῃ
2987 5052 3420 5110 πολλαπλασίονα
3463 5055 3515 5109 ἐν
3547 5059 3622 5125 τῷ
3655 5060 3819 5129 καιρῷ

2175 5141 2364 5214 τούτῳ,
2400 5145 2487 5198 καὶ
2530 5142 2585 5198 ἐν
2629 5150 2705 5216 τῷ
2735 5145 2882 5199 αἰῶνι
2914 5151 2988 5218 τῷ
3018 5144 3298 5224 ἐρχομένῳ
3325 5146 3469 5215 ζωὴν
3500 5144 3731 5201 αἰώνιον.
3789 5165 3814 5192 ιι

2179 5227 2397 5298 Ἐπειδὴ
2458 5234 2484 5287 ὁ
2543 5230 2791 5297 πλούσιος
2873 5233 3099 5295 ἀκούσας
3157 5234 3254 5300 τὴν
3311 5241 3418 5288 τῶν
3467 5233 3820 5311 ὑπαρχόντων

2178 5319 2475 5386 ἁπόκτησιν
2556 5319 2816 5393 ἐλυπήθη,
2905 5324 3061 5400 φησὶν
3120 5325 3146 5378 ὁ
3228 5323 3410 5401 Κύριος
3480 5325 3824 5395 θαυμαστικῲ

2175 5413 2250 5480 τῷ
2313 5409 2582 5486 σχήματι,
2631 5415 2750 5473 Πῶς
2781 5409 3050 5472 δυσκόλως
3082 5413 3127 5466 οἱ
3172 5413 3238 5466 τὰ
3289 5412 3545 5490 χρήματα
3577 5408 3820 5487 ἔχοντες,

2173 5495 2558 5554 εἰσελεύσονται
2591 5500 2662 5557 εἰς
2707 5499 2806 5567 τὴν
2864 5497 3136 5575 βασιλείαν
3193 5507 3287 5556 του
3346 5496 3510 5556 Θεοὺί
3543 5497 3640 5552 οὒκ
3670 5498 3824 5552 εἶπεν

2171 5584 2252 5641 ὅτι
2295 5583 2559 5652 ἀδυνάτως
2619 5587 2833 5669 ἔχουσιν
2876 5587 3157 5662 εἰσελθεῖν,
3215 5587 3350 5644 ἀλλὰ
3394 5585 3686 5650 δυσκόλως.
3752 5590 3826 5643 0-3

2169 5681 2268 5759 γὰρ
2325 5673 2573 5733 ἀδύνατον
2621 5678 2850 5748 σωθῆναι
2902 5679 3021 5743 τοὺς
3078 5679 3367 5744 τοιούτους.
3435 5677 3665 5734 Δυνατὸν
3720 5676 3824 5756 γὰρ
