4140 6280
287 381 437 447 1013

875 451 894 460 _
964 382 1405 446 ENARRATIO
1451 379 1532 442 IN
1579 371 2079 440 EVANGELIUM
2130 369 2368 430 LUCAE.
2425 403 2486 410 -α
2524 369 2685 429 CAP.
2735 367 2957 428 XVIII.

3511 348 3659 419 10H-

271 522 339 576 τὰ
386 522 647 600 χρήματα
679 513 1028 598 προεμένους,
1074 517 1356 596 ἐπιτυχεῖν
1411 519 1517 570 τῶν
1559 511 1692 570 ἄνω.
1731 510 1933 566 Δύσκο-

2029 500 2274 580 assequi.
2302 501 2375 561 Et
2395 498 2640 560 difliaile
2671 497 2912 578 quidem
2945 497 3080 557 hoc.
3116 490 3476 600 Tenacio'res
3499 490 3656 549 enim

272 608 371 666 λον
416 599 780 684 μέντοιτοῦτο
815 623 829 637 ⁶
890 604 996 672 ἰξοῦ
1055 606 1153 684 γὰρ
1209 603 1640 682 κολλητικώτερα
1683 600 1748 656 τὰ
1776 599 1924 677 χρή-

272 720 422 774 ματα
475 699 562 755 καὶ
633 695 898 760 δυσκόλως
962 696 1268 751 ἀποσπᾶται
1309 697 1336 750 6
1379 693 1584 756 τούτοις
1631 688 1924 768 συσχεθείς,

278 788 630 866 Παρακατιὼν
688 785 742 840 δὲ
787 787 876 840 καὶ
930 787 1003 848 ὡς
1061 783 1310 839 ἀδύνατον
1360 783 1486 838 αὑτὸ
1543 781 1742 856 τίθησι,
1802 779 1930 855 φησὶ

278 864 410 956 γὰρ,
470 874 844 954 Εὖκοπώτερόν
888 873 1000 931 ἐστι
1057 871 1301 948 κάμηλον
1345 869 1428 926 διὰ
1484 867 1774 950 τρυμαλιᾶς

280 952 432 1045 τρίδος
476 952 766 1036 εἰσελθεῖν,
815 965 850 1032 ἢ
893 961 1144 1020 πλούσιον
1187 962 1420 1027 σωθῆναι
1456 975 1469 989 ⁸
1532 957 1780 1014 ἀδύνατον
1837 952 1939 1031 γὰρ

283 1043 501 1118 πάντως
549 1053 792 1130 κάμηλον
855 1051 940 1108 διὰ
982 1052 1326 1125 τρυπήματος
1372 1047 1607 1124 βελονίου
1664 1043 1935 1124 χωρῆσαι,

287 1143 404 1200 εἴτε
434 1146 495 1200 τὸ
524 1149 658 1214 ζῶον
688 1145 812 1202 αὐτὸ
855 1143 1062 1211 νοήσεις
1122 1138 1392 1216 κάμηλον,
1425 1137 1537 1194 εἴτε
1567 1133 1792 1215 σχοῖνόν
1821 1153 1938 1186 τινα

281 1247 536 1300 ναυτικήν
593 1245 857 1312 παχεῖαν.
922 1232 980 1288 Εἰ
1042 1229 1130 1285 οὗν
1189 1227 1433 1302 κάμηλον
1490 1227 1804 1306 χωρηθῆναι
1848 1219 1931 1276 διὰ

285 1323 634 1400 τρυπήματος
692 1320 929 1397 βελονίου
986 1319 1394 1396 εὖκοπώυερον,
1426 1315 1462 1383 ἢ
1510 1314 1788 1371 πλούσιον.
1816 1332 1930 1366 σω-

269 1417 462 1490 θῆναι,
507 1409 756 1466 ἀδύνατον
835 1408 890 1464 δὲ
976 1415 1154 1482 τοῦτο,
1227 1404 1601 1480 ἀδυνατότερον

279 1505 519 1567 σωθῆναι
577 1497 851 1559 πλούσιον.
910 1498 971 1556 Τί
1050 1497 1137 1553 οῦν
1222 1495 1362 1551 ἔστιν
1433 1496 1657 1566 εἰπεϊνς
1714 1494 1928 1564 Πρῶτον

279 1591 408 1666 μὲν,
466 1588 546 1645 ὅτι
608 1587 817 1656 ἀληθῶς
872 1587 1036 1652 οὕτως
1080 1585 1200 1666 ἔχει
1235 1602 1248 1615 ⁸
1319 1584 1576 1640 πλούσιον
1649 1581 1748 1659 γὰρ
1804 1577 1929 1634 ὅντα

280 1665 538 1735 ἆδύνατον
595 1679 854 1744 σωθῆναι,
927 1677 1014 1744 Μὴ
1056 1665 1154 1754 γὰρ
1199 1696 1289 1747 μοι
1350 1673 1512 1748 εἴπῃς
1559 1669 1639 1726 ὅτι
1685 1673 1712 1725 6
1782 1665 1931 1722 δεῖνα

286 1767 540 1831 πλούσιος
608 1767 704 1840 ὢν,
761 1765 926 1822 ἐδίδου
985 1766 1049 1822 τὰ
1100 1763 1390 1843 προσόντα,
1438 1762 1525 1817 καὶ
1577 1757 1756 1822 ἶεσώθη
1795 1773 1807 1786 ·
1875 1757 1932 1811 οὗ

286 1861 389 1936 γὰρ
447 1857 695 1919 πλούσιος
766 1855 961 1929 ἐσώθη,

290 1947 329 2014 ἢ
377 1946 508 2010 τέως
538 1945 814 2020 οἰκονόμος
841 1943 915 2000 ὣν
946 1942 1140 2020 ἐσώθη,
1173 1943 1260 1997 καὶ
1301 1940 1425 2018 οὒχὶ
1446 1937 1715 2000 πλούσιος,

290 2036 392 2113 γὰρ
448 2034 728 2109 οἰκονόμος
777 2032 866 2088 καὶ
910 2029 1040 2086 ἄλλο
1083 2029 1333 2091 πλούσιος
1371 2043 1383 2056 ·
1431 2025 1682 2087 πλούσιος
1712 2023 1810 2098 μὲν
1842 2021 1940 2100 γάρ

287 2126 459 2198 ἐστιν,
505 2125 532 2179 6
563 2123 732 2196 ἐαυτῷ
767 2126 948 2200 τηφῶν
996 2120 1086 2176 τὸν
1128 2117 1374 2190 πλοῦτον,
1408 2113 1687 2188 οἰκονόμος
1719 2110 1773 2167 δὲ
1803 2112 1831 2168 ὀ
1873 2109 1938 2166 δι’

290 2196 498 2292 ἐτέρους
569 2218 752 2269 τοῦτον
810 2196 1180 2289 ἐνχειρισθείς,
1262 2196 1445 2260 ’Ἂὲστε
1518 2205 1604 2259 καὶ
1687 2204 1731 2257 εἰ
1790 2202 1940 2262 οὗτος

290 2290 490 2377 ἐσώθη,
523 2303 584 2358 οὗ
607 2300 858 2361 πλούσιος
887 2299 1090 2369 ἐσώθη,
1120 2293 1238 2351 ἀλλ’
1287 2293 1348 2373 ἢ,
1395 2295 1466 2354 ὡς
1498 2291 1724 2371 ἔφημεν,
1771 2290 1943 2345 πάντα

291 2390 733 2466 ὰποκτησάμενος
763 2387 796 2443 ἂ
826 2387 1008 2466 εἶχεν,
1043 2385 1079 2453 ἢ
1126 2386 1198 2447 ὼς
1248 2381 1523 2457 οἰκονόμος
1576 2378 1754 2441 καλῶς
1814 2379 1944 2437 αὐτὰ

292 2480 673 2555 διατιθέμενος.
732 2476 972 2536 ’Ἔπειτα
1020 2476 1107 2531 καὶ
1149 2495 1304 2530 τουτο
1362 2471 1573 2546 σκόπει,
1614 2492 1695 2550 p11
1725 2471 1816 2526 16v
1847 2469 1942 2544 μὶν

291 2569 545 2627 πλούσιον
623 2566 875 2624 ἀδύνατον
947 2567 1202 2642 σωθῆναι,
1284 2563 1374 2618 τὸν
1440 2558 1509 2642 ,δὲ
1563 2560 1630 2617 τὰ
1686 2559 1944 2638 χρήματα

292 2659 490 2739 ἔχοντα
533 2655 810 2736 δύσκολον,
871 2656 945 2717 ὡς
990 2655 1052 2707 ἂν
1095 2655 1139 2709 εἰ
1180 2651 1386 2729 ἔλεγεν,
1437 2640 1494 2707 Ὀ
1552 2649 1650 2724 μὲν
1680 2648 1943 2726 ἐχόμενος

287 2751 392 2806 ὑπὸ
449 2754 554 2804 τῶν
608 2747 932 2827 χρημάτων,
979 2744 1065 2802 καὶ
1108 2740 1367 2798 δουλεύων
1423 2742 1629 2807 αὐτοῖς,
1689 2739 1776 2793 καὶ
1807 2757 1943 2815 κρα-

292 2839 548 2912 τούμενος
583 2839 642 2891 οὗ
675 2835 995 2912 σωθήσεται,
1045 2834 1072 2887 6
1102 2829 1157 2887 δὲ
1188 2830 1334 2909 ἔχων
1367 2828 1431 2884 τὰ
1474 2828 1754 2907 χρήματα,
1784 2846 1942 2880 τουτ-

291 2929 430 3000 έστι,
467 2926 645 3001 κύριος
705 2924 874 2980 αὐτῶν
931 2921 1028 2992 ὢν,
1075 2921 1163 2976 καὶ
1217 2918 1369 2980 αὒτὸς
1429 2915 1573 2995 ἔχων
1617 2916 1802 2986 ταῦτα,
1851 2916 1944 2971 οὒκ

299 3016 560 3095 ἐχόμενος
594 3013 648 3069 δὲ
703 3011 791 3069 ὑπ’
855 3016 1046 3086 αὒτῶν,
1092 3007 1358 3069 δυσκόλως
1408 3007 1704 3075 σωθήσεται
1736 3001 1820 3058 διὰ
1845 3002 1943 3068 τὴν

1701 1400 1800 1478 ἄρα
1870 1400 1930 1454 16

2007 578 2491 648 viscovadhaerent
2515 586 2874 667 pecuniaa,et
2903 583 3146 646 difﬁcile
3176 578 3536 642 abstrahitur
3559 582 3657 657 qui

2011 694 2044 736 a
2073 675 2285 737 talibus
2307 684 2396 736 est
2418 674 3051 756 comprehensus.Non
3076 671 3258 732 multo
3282 679 3480 730 autem
3507 673 3656 756 post,

2013 765 2247 844 subjicit
2268 754 2944 846 quomodoimpossibile
2961 763 3058 823 sit:
3084 760 3226 822 dicit
3249 759 3408 820 enim
3433 754 3664 846 facilius

2023 841 2155 915 esse
2178 841 2465 915 camelum
2494 871 2597 931 per
2620 841 2885 914 foramen
2907 869 3047 911 acus
3079 851 3319 928 intrare,
3355 863 3528 927 quam
3563 841 3663 904 di-

2022 941 2197 1002 vitem
2239 941 2469 1003 salvari.
2506 940 2878 1021 Impossibile
2911 941 3068 1000 enim
3106 945 3194 1021 est
3229 937 3472 997 omnino
3505 934 3660 1014 quod

2022 1029 2312 1090 camelum
2345 1031 2535 1108 capiat
2568 1018 2830 1090 foramen
2857 1046 2996 1088 acus
3031 1048 3044 1086 :
3084 1018 3203 1086 sive
3239 1043 3342 1104 per
3369 1023 3661 1085 camelnm

2021 1117 2234 1178 animal
2269 1117 2586 1197 intelligas,
2613 1118 2736 1178 sive
2754 1119 2951 1178 funem
2970 1117 3268 1176 nauticum
3294 1131 3580 1174 crassum.
3603 1112 3667 1172 Si

2018 1206 2196 1284 igitur
2225 1206 2457 1268 facilius
2488 1207 2778 1267 camelum
2805 1224 2912 1286 per
2935 1206 3199 1266 foramen
3224 1221 3362 1263 acus
3387 1202 3661 1274 transire,

2015 1314 2190 1375 quam
2214 1295 2423 1355 salvari
2460 1295 2731 1366 divitem,
2767 1292 3141 1371 impossibile
3166 1298 3362 1351 autem
3395 1291 3527 1369 hoc,
3561 1290 3669 1349 im-

2016 1382 2360 1464 possibilius
2382 1383 2558 1460 igitur
2580 1383 2790 1443 salvari
2806 1383 3070 1442 divitem.
3094 1381 3241 1452 Quid
3268 1379 3446 1458 igitur
3467 1378 3670 1440 dicen-

2015 1471 2455 1534 dumi’Primum
2481 1471 2746 1552 quidem,
2774 1472 2928 1552 quod
2955 1489 3090 1531 vere
3107 1470 3192 1530 sic
3220 1469 3415 1536 habet,
3443 1469 3670 1547 impos-

2012 1560 2188 1621 sibile
2210 1561 2421 1621 salvari
2444 1579 2576 1621 eum
2599 1559 2700 1639 qui
2723 1560 2886 1620 dives
2900 1562 3144 1623 est.Nec
3159 1558 3315 1619 enim
3335 1557 3481 1617 mihi
3504 1555 3669 1616 dicas

2014 1650 2171 1728 quod
2206 1649 2460 1710 salvatus
2491 1649 2566 1709 sit
2592 1651 2756 1709 dives
2785 1648 3077 1728 quispiam
3111 1647 3210 1727 qui
3256 1665 3360 1706 sua
3389 1643 3660 1705 dederit:

2017 1755 2131 1798 non
2157 1738 2314 1798 enim
2337 1738 2502 1800 dives
2526 1737 2782 1798 salvatus
2806 1736 3027 1816 estqsed
3054 1737 3188 1816 quia
3212 1752 3436 1815 pauper
3455 1733 3665 1806 factus,

1049 1825 1171 1908 ἀλλ’
1229 1853 1263 1920 ἢ
1347 1825 1602 1925 ἆικτήμων
1674 1847 1929 1925 γεγονὼς,

2029 1828 2159 1887 459
2190 1827 2278 1887 vel
2331 1826 2708 1905 dispensator
2757 1825 3022 1885 existens
3073 1833 3335 1885 servatus
3374 1830 3494 1925 ‘est,
3550 1840 3668 1882 non

1751 1911 1939 1991 ῖνΑλλδ
1963 1911 1994 1916 ⁷
2024 1917 2205 1978 dives.
2225 1915 2402 1978 Aliud
2433 1914 2592 1975 enim
2621 1922 2711 1975 est
2739 1914 3137 1993 dispensator,
3163 1913 3322 1973 aliud
3356 1911 3540 1972 dives.
3578 1911 3672 1973 Di-

2023 2005 2292 2066 vesenim
2318 2002 2543 2084 est,qui
2572 2002 2683 2064 sibi
2715 2011 2980 2063 reservat
3010 2001 3268 2062 divitias:
3295 2001 3673 2079 dispensator

2023 2111 2184 2174 vero,
2211 2092 2308 2153 cui
2333 2091 2695 2154 concreditae
2718 2099 3106 2172 suntpropter
3129 2090 3376 2152 alios.Et
3397 2089 3476 2149 ita
3495 2088 3670 2149 etiam

2024 2182 2120 2243 hic
2150 2182 2201 2243 si
2236 2183 2488 2243 salvatus
2519 2189 2630 2256 est,
2668 2200 2783 2240 non
2827 2181 2992 2242 dives
3022 2181 3274 2241 salvatus
3303 2186 3413 2258 ost,
3448 2178 3577 2251 sed,
3611 2183 3676 2237 ut

2026 2272 2309 2347 diximus,
2347 2274 2432 2332 vel
2464 2273 2604 2349 quia
2626 2270 2902 2332 omnibus
2926 2267 3669 2348 renuntiavitquaahabuit,

2024 2361 2116 2421 vel
2148 2360 2286 2440 quia
2318 2362 2404 2422 uti
2435 2360 2812 2441 dispensator
2834 2361 2990 2420 bene
3015 2359 3140 2420 illas
3165 2358 3476 2419 distribuit.
3517 2355 3676 2416 Insu-

2030 2467 2136 2530 per
2167 2460 2226 2510 et
2252 2451 2364 2510 hoc
2390 2449 2822 2523 animadverte,
2861 2448 3017 2527 quod
3041 2447 3282 2509 divitem
3308 2446 3548 2526 quidem
3567 2446 3675 2505 im-

2031 2538 2311 2618 possibile
2342 2547 2430 2600 est
2463 2537 2713 2612 salvari;
2766 2536 3052 2616 pecunias
3095 2544 3286 2597 autem
3332 2534 3673 2605 habentem,

2029 2627 2274 2688 difficile
2304 2644 2319 2701 ;
2352 2630 2516 2706 quasi
2555 2627 2781 2687 diceret
2821 2646 2834 2687 :
2869 2623 2978 2696 Qui
3012 2624 3266 2686 habetur
3295 2631 3351 2684 et
3382 2629 3615 2684 tenetur
3644 2641 3676 2681 a

2031 2715 2314 2795 pecuniis,
2351 2733 2420 2776 ac
2452 2715 2631 2776 servit
2676 2713 2786 2792 eis,
2824 2732 2942 2774 non
2993 2712 3357 2775 salvabitur:
3410 2712 3508 2791 qui
3537 2728 3676 2773 vero

2028 2804 2316 2884 pecunias
2348 2803 2550 2875 habet,
2586 2803 2698 2863 hoc
2729 2810 2840 2875 est,
2887 2802 3164 2862 dominus
3211 2802 3442 2862 illarum
3477 2808 3586 2872 est,
3621 2807 3672 2860 el

2027 2894 2154 2974 ipse
2185 2891 2368 2953 habet
2396 2910 2518 2966 eas,
2546 2900 2602 2951 et
2627 2908 2743 2953 non
2775 2890 3029 2952 habetur
3051 2890 3126 2950 ab
3151 2893 3261 2963 eis,
3286 2891 3527 2950 difﬁcile
3559 2890 3679 2948 sal-

2025 2981 2259 3042 vabitur
2278 2981 2846 3060 propterhumanam
2864 2979 3387 3041 infirmitatem.lm
3399 2977 3678 3058 possibile

297 3067 629 3183 citri‘figuvtt'vnv
689 3101 981 3159 ἀσθένειαν.
1031 3067 1317 3160 ζΑὸύνειτον
1365 3096 1465 3174 γὰρ
1522 3096 1598 3168 μὴ
1655 3092 1940 3170 παραχρή-

2029 3070 2187 3130 enim
2219 3078 2307 3130 est
2331 3087 2448 3128 non
2466 3069 2632 3129 abuti
2656 3069 2748 3128 his
2775 3080 2907 3148 quae
2933 3067 3479 3146 habemus.Quippe
3496 3085 3680 3145 quan-

2036 3158 2131 3183 .I1--
2169 3157 2449 3183 ..Α---..ἒ....
2485 3156 2770 3183 ι--.Ι..Α..,..-,.
2837 3155 3076 3183 manlia..-
3108 3156 3374 3183 J:-l--l-.-
3408 3173 3512 3183 ..ι-ι..
3533 3173 3638 3183 ιη...

299 3197 486 3248 σασθαι
529 3194 616 3257 οἷς
648 3191 852 3271 ἔχομεν
887 3209 899 3222 ·
935 3189 1036 3253 ἕως
1092 3188 1192 3265 γὰρ
1223 3185 1424 3265 ἔχομεν
1455 3185 1738 3264 χρήματα,
1774 3202 1944 3271 σπου-

301 3281 444 3352 δάζει
502 3284 529 3337 6
585 3269 828 3343 διάϐολος
881 3275 1241 3346 ὑποσκελίζειν
1307 3276 1468 3348 ἡμᾶς,
1503 3274 1575 3335 εἰς
1606 3273 1664 3326 τὸ
1693 3269 1834 3347 παρὰ
1858 3270 1947 3324 τὸν

297 3371 518 3444 κανόνα,
579 3372 667 3426 καὶ
733 3371 823 3424 τὸν
875 3368 1035 3442 νόμον
1101 3369 1199 3431 τῆς
1283 3363 1582 3438 οἰκονομίας
1646 3358 1950 3440 χρήσασθαί

297 3461 443 3517 ἔστιν
469 3459 581 3532 ὅτε,
627 3460 715 3514 καὶ
759 3455 1008 3513 δύσκολον
1066 3453 1316 3534 ἐκφυγεῖν
1364 3453 1457 3515 τὰς
1509 3448 1733 3528 παγίδας
1766 3449 1944 3508 αὐτοῦ.

299 3551 396 3608 Διὰ
454 3555 607 3605 τοῦτο
649 3545 812 3603 καλὸν
867 3547 899 3613 ἡ
957 3543 1308 3623 ἀχρημοσύνη
1360 3542 1450 3598 καὶ
1500 3537 1694 3619 σχεδὸν
1724 3538 1948 3614 ἀπείρα-

295 3661 446 3696 στον.
502 3639 673 3695 Εἶπον
704 3634 781 3715 δὲ,
815 3636 995 3714 φησὶν,
1025 3636 1073 3688 οἱ
1118 3633 1434 3694 ἀκούσαντες
1467 3646 1482 3662 ⁶
1530 3631 1618 3691 Τίς
1652 3627 1748 3707 ἄρα
1789 3626 1945 3682 δόνα-

294 3750 382 3784 ται
414 3729 647 3793 σωθῆναι
687 3741 704 3799 ;
737 3715 794 3782 ιΟ
825 3722 880 3779 δὲ
912 3723 1037 3780 εἶπε
1076 3740 1091 3757 ·
1142 3745 1169 3775 α
1203 3723 1280 3778 Τὰ
1323 3717 1548 3775 ἀδύνατα
1582 3718 1724 3796 παρὰ
1752 3715 1950 3794 ἀνθρώο

298 3840 448 3896 ποις,
502 3814 692 3874 δυνατὰ
749 3814 892 3892 παρὰ
940 3818 1017 3886 τῷ
1075 3819 1214 3883 Θεῷ,
1279 3833 1307 3865 io
1366 3809 1511 3888 Πάρὰ
1560 3808 1656 3882 μὲν
1702 3807 1800 3884 γὰρ
1827 3816 1946 3866 τοῖς

298 3893 630 3985 ἀνθρωπίνην
695 3903 918 3981 γνώμην
971 3901 1208 3983 ἔχουσιν,
1253 3897 1370 3966 ἤτοι
1414 3898 1560 3957 κάτω
1612 3893 1942 3973 συρομένοις,

298 3996 389 4052 καὶ
445 3994 753 4068 ἐπιθυμοῦσι
797 3993 901 4046 τῶν
930 3989 1162 4069 γηίνων,
1207 3986 1458 4043 ἀδύνατόν
1517 3985 1627 4041 ἐστι
1687 3986 1946 4060 σωθῆναι,

299 4088 375 4146 ὡς
424 4083 660 4162 εἴρηται,
721 4079 864 4159 παρὰ
919 4076 972 4134 δέ
1031 4082 1147 4149 Θεῷ
1202 4075 1438 4150 δυνατὸν,
1498 4072 1788 4144 τουτέστιν,
1822 4070 1946 4127 ὅταν

299 4195 383 4236 τις
423 4160 718 4246 σύμϐουλον
772 4168 880 4246 ἔχῃ
925 4168 1015 4222 τὸν
1073 4168 1225 4237 Θεὸν,
1277 4164 1455 4219 καὶτὰ
1487 4160 1817 4235 δικαιώματα
1857 4165 1950 4214 τοῦ

303 4261 460 4334 Θεοῦ,
515 4261 604 4317 καὶ
660 4259 752 4320 τὰς
809 4257 925 4334 περὶ
981 4253 1368 4334 ἁχρημοσύνης
1421 4250 1636 4313 ἐντολὰς
1695 4246 1950 4304 διδασκά-

300 4349 424 4413 λους
488 4346 650 4424 λάϐῃ,
695 4347 782 4402 καὶ
812 4348 911 4412 τὴν
955 4342 1075 4420 παρ’
1129 4341 1328 4398 ἐκείνου
1370 4337 1683 4396 ἐπικαλοϊτο
1731 4339 1950 4392 ἐπικου-

302 4441 439 4517 ρίαν,
517 4436 733 4493 δυνατὸν
786 4435 932 4491 ἔσται
991 4440 1147 4490 τοῦτο
1183 4451 1196 4467 ⁸
1257 4433 1411 4506 ἡμῶν
1465 4429 1560 4504 μὲν
1609 4427 1707 4505 γάρ
1753 4425 1863 4480 ἐστι
1894 4425 1953 4480 τὸ

302 4514 527 4594 θελῆσαι
587 4528 646 4582 τὸ
728 4523 946 4602 ἀγαθὸν,
1035 4528 1164 4578 Θεοῦ
1249 4518 1303 4574 δέ
1379 4521 1440 4576 τὸ
1493 4515 1797 4575 τελειώσαι.
1862 4514 1959 4572 Καὶ

311 4616 488 4680 ἄλλως
548 4614 602 4671 δὲ
664 4613 818 4692 εἴπερ
900 4607 1319 4685 ὑπεραναϐάιτες
1404 4614 1576 4664 πᾶσαν
1629 4603 1956 4682 ἀνθρωπίνην

308 4707 398 4762 ἶῑπὶ
439 4711 516 4778 τῷ
545 4703 760 4776 πλούτῳ
790 4690 1172 4778 μικροψυχίαν,
1231 4695 1524 4771 θελήσομεν
1582 4690 1760 4773 φίλοτς
1817 4691 1958 4762 ἡμῖν

310 4794 499 4857 αὖτοὺς
556 4791 772 4859 ποιῆσαι
802 4791 864 4845 ἐκ
909 4795 1000 4844 τοῦ
1031 4793 1260 4864 μαμωνᾶ
1287 4785 1383 4852 τῆς
1431 4783 1656 4856 ἀδικίας,
1711 4779 1960 4846 σωθησό-

310 4885 470 4958 μεθα,
508 4880 597 4938 ὑπ’
655 4880 824 4935 αὐτῶν
884 4880 957 4942 εἰς
1000 4877 1094 4940 τὰς
1142 4877 1380 4938 αἰωνίους
1411 4874 1612 4940 σκηνὰς
1671 4892 1962 4944 παραπεμ-

309 4973 556 5045 πόμενοι.
626 4969 838 5025 Βέλτιον
895 4967 991 5042 μὲν
1047 4966 1146 5042 γὰρ
1196 4964 1286 5020 ἐὰν
1342 4963 1512 5022 πάντα
1555 4961 1862 5039 προώμεθα,
1921 4961 1964 5013 εἰ

305 5060 358 5117 3‘:
419 5061 497 5136 μὴ
555 5059 751 5131 πέντα,
799 5056 1157 5133 συμμεριστὰς
1190 5053 1316 5132 γοῦν
1369 5058 1591 5120 ποιῆσαι
1625 5051 1746 5111 τοὺς
1791 5048 1962 5116 πένη-

424 5135 427 5136 ν
490 5171 502 5182 ,
561 5151 573 5168 ς
664 5148 690 5170 η
851 5149 898 5182 ἰ
955 5143 1045 5200 ἀοι
1265 5141 1289 5161 λ
1419 5143 1430 5158 ι
1563 5141 1662 5174 θ’,
1803 5137 1818 5160 ν
1869 5135 1921 5192 δὶα

414 5197 429 5229 ,
493 5171 579 5205 και
633 5169 798 5210 ουτως
862 5167 912 5202 ..ο
990 5163 1204 5200 ουνατον
1261 5155 1475 5200 ουνατον
1522 5161 1743 5218 γινωαι.
1825 5148 1862 5193 Α
1903 5162 1962 5192 δ-

306 5261 464 5295 ·ιατον
522 5239 618 5312 μὲν
669 5238 768 5316 γὰρ
823 5238 916 5292 τὸν
971 5234 1050 5310 μὴ
1117 5231 1289 5289 πάντα
1350 5230 1642 5309 προέμενον
1701 5229 1959 5302 σωθῆναι,

305 5328 446 5394 πλὴν
504 5326 589 5382 διὰ
631 5324 1025 5404 φιλανθρωπίαν
1086 5329 1220 5380 Θεοῦ
1263 5323 1461 5396 γίνεται
1507 5320 1599 5376 καὶ
1640 5319 1702 5374 τὰ
1733 5321 1962 5392 μερικῶς

310 5413 624 5492 μεταδοῦναι
680 5417 751 5477 εἰς
828 5411 1088 5489 ὠφέλειαν
1161 5408 1446 5486 ἀνάλογον.
1511 5409 1646 5486 Πρὸς
1704 5405 1867 5461 ταῦτα
1938 5406 1965 5460 6

309 5490 505 5583 Πέτρος
572 5504 746 5580 ἐρωτᾷ
780 5518 794 5533 ⁸
859 5500 992 5560 Ἰδοὺ
1044 5503 1206 5575 ἡμεῖς
1263 5498 1544 5578 ἀφήκαμεν
1593 5496 1767 5555 πάντα
1803 5511 1818 5527 '
1879 5490 1968 5549 καὶ

304 5599 478 5670 ἐρωτᾷ
536 5593 640 5671 οὔχ
711 5593 841 5669 ὑπὲρ
913 5593 1099 5647 ἑαυτοῦ
1171 5585 1556 5671 μόνονηβιλλὰ
1608 5585 1738 5663 πρὸς
1792 5603 1965 5659 παραυ

304 5680 750 5760 ιξυθῗαέἱίπλίντων
837 5687 944 5736 τῶν
1015 5680 1284 5750 πενήτων.
1375 5664 1524 5760 “ivx!
1591 5674 1690 5750 γὰρ
1763 5670 1839 5747 μὴ
1920 5672 1966 5724 0i

305 5172 401 5212 τας

2032 3158 2136 3219 diu
2167 3157 2451 3238 pecunias
2484 3156 2796 3227 habemus,
2835 3155 3076 3216 molitur
3105 3156 3376 3217 diabolus
3408 3173 3514 3217 nos
3533 3173 3677 3232 sup-

2031 3247 2317 3327 plantare,
2354 3263 2424 3306 ne
2460 3246 2665 3323 regula
2712 3245 3176 3325 dispensationis
3205 3255 3370 3306 recte
3419 3253 3676 3304 utamur.

2031 3343 2094 3397 et
2116 3333 2359 3396 difﬁcile
2377 3346 2470 3394 est
2485 3335 2744 3412 effugere
2759 3336 2887 3411 ejus
2905 3333 3170 3413 laqueos;
3197 3343 3511 3413 propterea
3528 3332 3683 3394 bona

2033 3433 2120 3485 est
2138 3430 2548 3504 paupertas,et
2571 3425 2740 3502 quasi
2757 3423 3080 3484 tentatione
3096 3423 3684 3502 superior.Dixerunt

2031 3521 2255 3585 autem,
2281 3511 2494 3591 inquit,
2517 3511 2574 3570 hi
2611 3511 2711 3590 qui
2741 3510 3049 3571 audierant
3079 3532 3090 3573 :
3129 3512 3269 3584 Quis
3302 3511 3478 3590 igitur
3509 3519 3680 3591 pote—

2031 3602 2108 3662 rit
2137 3600 2384 3662 salvari?
2415 3603 2496 3662 At
2523 3600 2625 3661 ille
2665 3600 2847 3662 dixit:
2886 3623 2908 3657 α
2947 3599 3086 3672 Qum
3115 3601 3505 3680 impossibilia
3524 3601 3680 3679 apud

2033 3690 2307 3752 homines
2337 3699 2495 3764 sunt,
2532 3689 2840 3768 possibilia
2870 3702 3006 3751 sunt
3053 3693 3204 3770 apud
3258 3694 3466 3754 Deum.
3511 3716 3533 3745 η
3571 3689 3680 3763 Qui

2034 3779 2190 3840 enim
2224 3779 2444 3840 habent
2473 3787 2733 3839 mentem
2769 3779 3084 3841 humanam
3133 3799 3263 3860 quae
3297 3781 3363 3842 ad
3408 3780 3684 3841 inferiora

2029 3868 2237 3946 vergit,
2274 3877 2333 3927 et
2362 3876 2601 3928 terrena
2640 3868 2966 3942 desiderat,
3003 3870 3212 3930 salvari
3259 3890 3376 3930 non
3409 3879 3679 3951 possunt,

2033 3958 2184 4018 sicut
2217 3957 2435 4016 dictum
2484 3964 2593 4017 est.
2647 3959 2771 4019 Deo
2821 3969 3016 4018 autem
3070 3959 3371 4038 possibile,
3428 3960 3539 4018 hoc
3570 3965 3680 4029 est,

2031 4048 2270 4127 quando
2304 4047 2438 4126 quis
2462 4045 2863 4106 consiliarium
2892 4047 3068 4106 habet
3088 4048 3300 4122 Deum,
3328 4047 3686 4126 etjustifica-

2036 4136 2228 4196 tiones
2259 4133 2387 4207 Dei,
2425 4144 2483 4195 et
2516 4135 2790 4194 mandata
2822 4136 3080 4213 Magistri
3107 4139 3182 4198 de
3214 4145 3554 4215 paupertate
3586 4154 3684 4194 su-

2033 4223 2297 4303 scipit,et
2319 4223 2478 4282 illius
2506 4222 2740 4283 invocat
2761 4225 3042 4284 auxilium
3067 4245 3083 4300 ;
3109 4225 3390 4304 possibile
3414 4226 3571 4285 enim
3597 4232 3688 4283 est

2037 4313 2172 4374 hoc.
2210 4311 2482 4373 Nostrum
2535 4317 2622 4371 est
2675 4310 2832 4371 enim
2884 4313 3037 4373 velte
3071 4312 3315 4392 bonum,
3349 4313 3454 4373 Dei
3487 4319 3680 4372 autem

1979 4401 2353 4483 Dperficere.
2387 4399 2458 4459 Et
2487 4400 2662 4459 aliter
2699 4420 2711 4460 :
2762 4400 2812 4460 si
2861 4401 3102 4480 quidem
3144 4401 3687 4462 transcenderimus

2041 4491 2360 4551 humanam
2378 4488 2538 4548 illam
2554 4487 2958 4550 infirmitatem
2975 4489 3216 4550 divitum
3230 4540 3240 4563 ,
3254 4500 3311 4552 et
3326 4490 3688 4552 voluerimus

2042 4579 2214 4641 nobis
2235 4579 2432 4640 facere
2459 4577 2682 4638 amicos
2706 4595 2778 4637 ex
2803 4596 3140 4640 mammona
3161 4581 3485 4659 injustitiae,
3507 4579 3589 4638 sal
3603 4599 3690 4639 va-

2040 4667 2238 4730 bimur
2256 4686 2359 4749 per
2379 4676 2567 4741 eas,et
2583 4666 2943 4746 recipiemur
2965 4668 3023 4727 in
3046 4678 3263 4730 aeterna
3285 4669 3682 4731 tabernacula.

2043 4759 2176 4822 Non
2210 4757 2421 4818 melius
2451 4755 2690 4837 quidem
2741 4756 2917 4816 fuerit
2960 4759 3261 4820 dimittere
3304 4759 3541 4829 omnia;
3578 4759 3688 4818 hoc

2044 4855 2238 4909 autem
2273 4847 2321 4906 si
2340 4847 2565 4919 minus,
2585 4845 2791 4905 saltem
2816 4846 3010 4908 facere
3035 4849 3344 4928 partiarios
3373 4866 3686 4928 pauperes,

2046 4937 2203 4997 etsic
2229 4935 2600 5015 impossibile
2625 4936 2726 4996 fiet
2745 4935 3433 5018 possinileJmpossibile
3448 4937 3688 5017 quidem

2049 5033 2205 5087 esset
2237 5043 2356 5085 non
2381 5024 2660 5086 omnibus
2691 5024 2954 5086 dimissis
2986 5027 3224 5100 salvari,
3251 5046 3450 5088 verum
3495 5034 3692 5085 tamen

2046 5126 2104 5178 et
2140 5125 2227 5177 est
2259 5124 2498 5196 propter
2526 5113 2996 5176 misericordiam
3024 5115 3150 5195 Dei,
3171 5118 3214 5175 si
3243 5124 3437 5195 partes
3461 5114 3695 5174 dederi-

2048 5226 2178 5268 mus
2213 5205 2273 5265 in
2293 5223 2462 5264 usum
2486 5222 2835 5280 congruum.
2864 5205 2950 5264 Ad
2973 5207 3098 5265 haac
3115 5205 3329 5265 Petrus
3347 5204 3691 5278 interrogat:

2048 5295 2198 5357 Ecce
2233 5313 2339 5354 nos
2369 5293 2717 5372 reliquimus
2743 5292 2966 5353 omnia.
2998 5299 3325 5372 lnterrogat
3355 5301 3550 5353 autem
3578 5310 3695 5351 non

2051 5404 2154 5466 pro
2189 5404 2251 5445 se
2285 5383 2543 5460 solo,sed
2581 5384 2651 5443 ad
2681 5383 3147 5443 consolationem
3175 5383 3438 5443 omnium
3467 5401 3693 5460 ρειιψυ-

2049 5473 2287 5537 rum.Ut
2305 5474 2463 5535 enim
2490 5491 2605 5530 non
2631 5471 2742 5531 soli
2779 5472 2987 5531 divites
3013 5471 3226 5533 bonam
3252 5490 3419 5552 spem
3441 5470 3699 5532 habeant

2047 5582 2110 5625 se
2144 5565 2324 5625 multa
2371 5571 2823 5633 consecuturos,
2858 5561 2958 5639 qui
3014 5562 3272 5623 multum
3321 5559 3694 5641 reliquerint,

2049 5671 2338 5732 pauperes
2364 5663 2556 5714 autem
2591 5668 2827 5730 parvam
2865 5668 3027 5730 spem
3056 5650 3494 5730 habeant,quod
3520 5667 3702 5730 pauca
