4140 6280
549 353 698 416 i023

1450 360 2039 423 TliEOPllYlACTI
2090 355 2496 418 BULGARIA!)
2525 354 2876 417 AltCHIEP.

3813 360 3977 422 1024

545 496 604 550 et
632 486 901 548 ascendit
940 487 1003 549 in
1045 491 1675 569 capriﬁcun';,omnen1
1734 491 2095 571 voluptatem
2126 507 2193 550 ac

2280 489 2516 554 αἰσθησιν
2576 489 2789 569 ἔρχεται
2841 488 3122 565 πολλακις,
3197 495 3283 549 καὶ
3332 490 3598 550 ἀναϐαίνει
3657 496 3760 551 ἐπὶ
3795 517 3976 552 σύκου

546 575 1087 657 dulcedinem,quae
1119 597 1225 658 per
1251 580 1424 640 ﬁcum
1446 579 1802 660 insinuatur,
1826 579 2118 641 infatuans
2137 586 2198 640 et

496 692 499 693 ν
548 665 931 728 rnorliticans.
969 667 1040 727 Et
1090 669 1175 728 sic
1206 668 1499 729 excelsior
1542 687 1606 728 se
1639 669 1852 749 factus,
1886 668 2195 730 ascensio-

553 772 775 835 nesque
799 756 856 815 in
882 756 1060 817 corde
1085 776 1193 817 suo
1218 756 1999 839 ponens,videtura.lesu,et
2017 757 2194 819 videt.

546 842 814 925 Dicitque
843 845 915 906 ad
948 845 1110 905 illum
1145 846 1722 921 Dominustestina,
1757 848 2199 921 descende,hoc

550 934 1002 1003 est,Ascendisti
1031 954 1139 1015 per
1169 936 1570 1014 paenitentiam
1605 938 1661 996 in
1692 936 2101 1000 sublimiorem
2121 937 2200 996 vi-

549 1030 690 1094 tam,
721 1021 1022 1085 descende
1052 1043 1154 1105 per
1188 1025 1737 1088 humilitatem.Non
1772 1037 1826 1087 te
1858 1027 2197 1107 supplantet

547 1111 839 1189 superbus
868 1131 1079 1174 sensus
1110 1133 1123 1177 :
1164 1114 1396 1195 festina,
1440 1115 1783 1179 humiliare.
1810 1114 1867 1179 Si
1903 1117 2060 1177 enim
2082 1116 2158 1176 hu
2178 1148 2196 1160 -

554 1200 809 1261 miliatus
838 1201 1042 1280 fueris,
1079 1204 1134 1263 in
1165 1203 1341 1264 domo
1374 1213 1471 1265 tua
1502 1213 1734 1283 oportet
1780 1224 1874 1265 me
1928 1222 2191 1267 manere.

552 1287 809 1350 Necesse
841 1292 1020 1363 enim,
1055 1292 1341 1373 inquit,nt
1370 1313 1477 1370 ego
1505 1313 1772 1356 maneam
1806 1295 1864 1356 in
1889 1294 2065 1356 domo
2091 1295 2200 1356 hu-

556 1378 757 1440 milis:
799 1406 820 1434 α
859 1380 947 1441 Ad
979 1401 1153 1461 quem
1214 1384 1369 1443 enim
1431 1384 1743 1463 respiciam
1804 1404 1976 1465 quam
2021 1403 2201 1465 super

553 1477 950 1548 mansuetum,
987 1481 1044 1531 et
1065 1469 1355 1551 quietum,
1390 1481 1449 1532 et
1499 1481 1854 1535 trementem
1888 1491 2200 1536 sermones

555 1574 720 1615 meos
750 1556 1119 1621 967nEtenim
1149 1560 1246 1639 qui
1281 1561 1411 1621 talis
1442 1561 1873 1635 est,dimidium
1908 1562 2199 1624 bonorum

547 1662 787 1706 suorum
820 1647 923 1709 dat
957 1648 1308 1729 pauperibus
1327 1649 1718 1713 dzemonibus.
1750 1651 2018 1729 Duplicia
2037 1652 2195 1712 enim

551 1742 689 1793 sunt
718 1734 872 1797 bona
902 1746 1123 1811 nostra,
1158 1739 1429 1819 corporis
1459 1740 1618 1810 dico,
1656 1752 1709 1798 et
1748 1739 2200 1815 animze.0mnia

549 1826 876 1902 corporalia
889 1828 1365 1908 conceditjustus
1380 1848 1515 1891 vere
1533 1831 2198 1911 pauperibus,omnique

2280 577 2495 656 μορέαν,
2570 585 2742 634 πᾶσαν
2792 577 2984 647 ἡδονὴν
3040 582 3127 636 καὶ
3182 580 3511 660 γλυκύτητα,
3543 582 3673 651 ἣτις
3733 582 3831 639 διὰ
3866 589 3974 649 τῆς

2279 672 2443 733 συκῆς
2497 665 2770 739 δηλοῦται,
2845 670 3122 743 μωραίνων
3181 674 3269 728 καὶ
3312 672 3649 753 ἀπονεκρῶν,
3700 675 3807 730 καὶ
3871 674 3973 730 οὖν

2278 777 2384 819 τως
2439 755 2766 836 ὑψηλότερος
2827 759 3015 817 ἑαυτοῦ
3072 760 3377 841 γενόμενος,
3412 764 3501 818 καὶ
3534 760 3850 825 ἀναϐάσεις
3918 763 3973 817 ἐν

2280 851 2349 921 τῇ
2410 844 2593 924 καρδίᾳ
2663 845 3046 927 διατιθέμενος,
3093 850 3275 925 ὃρᾶται
3313 851 3415 906 ὑπὸ
3445 858 3536 908 τοῦ
3582 851 3813 931 Ἰησοῦ,
3878 855 3971 906 καὶ

2282 936 2399 1012 ὁρᾷ,
2474 935 2563 991 καί
2634 958 2765 1014 φησι
2822 938 2953 1015 πρὸς
2989 939 3143 996 αὐτὸν
3176 940 3203 992 ὁ
3232 939 3443 1017 Κύριος,
3477 944 3737 1005 Σπεύσας
3774 963 3967 998 κατα-

2281 1020 2423 1097 ϐηθι,
2484 1024 2773 1101 τουτέστιν,
2828 1024 3049 1093 Ἀνέϐης
3082 1025 3166 1082 διὰ
3207 1029 3306 1093 τῆς
3335 1030 3617 1103 μετανοίας
3649 1028 3744 1111 ἐφ’
3806 1032 3966 1106 inin.-

2281 1109 2495 1191 λότερον
2550 1112 2685 1188 βίον,
2733 1111 2993 1181 κατάϐηθι
3037 1114 3122 1170 διὰ
3164 1116 3259 1183 τῆς
3290 1109 3828 1198 ταπεινοφροσύνης,
3882 1122 3963 1194 μὴ

2282 1222 2340 1256 σε
2392 1201 2715 1279 ὑποσκελίσῃ
2774 1204 2808 1271 ἡ
2882 1202 3316 1283 ὕψηλοφροαύνη,
3364 1210 3624 1289 Σπεῦσον,
3662 1210 3962 1265 ταπεινώ-

2280 1293 2423 1356 θητι.
2483 1289 2605 1348 Ἐὰν
2663 1293 2763 1371 γὰρ
2820 1297 3176 1370 ταπεινωθῇη,
3239 1294 3292 1352 ἐν
3321 1303 3398 1370 τῷ
3428 1296 3567 1369 οἴκῳ
3631 1319 3733 1354 σου
3768 1296 3863 1354 δεῖ
3895 1320 3961 1371 με

2282 1392 2487 1454 μεῖναι·
2545 1380 2836 1458 ἀναγκαῖον
2902 1384 3023 1459 γὰρ,
3087 1384 3267 1461 φησὶν,
3316 1384 3426 1442 ἐστὶ
3468 1389 3530 1442 τὸ
3572 1387 3631 1442 ἐν
3673 1394 3765 1461 τῷ
3815 1386 3961 1457 οἴκῳ

2281 1475 2372 1525 τοῦ
2426 1478 2674 1526 ταπεινοῦ
2730 1470 2911 1545 μένειν
2963 1494 3052 1546 με.
3121 1496 3148 1526 ιι
3186 1460 3303 1529 Ἐπὶ
3334 1476 3446 1531 τίνα
3477 1476 3574 1554 γὰρ
3623 1474 3956 1550 ἐπιϐλέψει),

2282 1558 2317 1625 ἢ
2361 1558 2446 1613 επὶ
2487 1560 2579 1614 τὸν
2605 1565 2770 1637 πρᾷον
2807 1561 2894 1616 καὶ
2922 1560 3148 1640 ἡσύχιον
3178 1562 3265 1617 καὶ
3306 1563 3565 1642 τρέμοντα
3591 1566 3724 1627 τοὺς
3790 1564 3955 1640 ἐμοὺς

2281 1646 2471 1725 λόγους
2505 1668 2522 1719 ;
2562 1670 2585 1704 ο
2627 1640 2683 1707 ιΟ
2714 1670 2948 1720 τοιορτος
3020 1652 3106 1706 καὶ
3136 1652 3199 1707 τὰ
3234 1640 3401 1726 ἡμίση
3432 1660 3538 1709 τῶν
3575 1655 3956 1734 ὑπαρχόντων

2282 1734 2455 1793 δίδωσι
2486 1751 2602 1801 τοῖς
2633 1753 2882 1819 πτωχοῖς
2914 1737 3146 1814 δαίμοσι.
3185 1748 3385 1797 Διττῶν
3430 1744 3530 1822 γὰρ
3576 1742 3759 1799 ὅντων
3809 1746 3955 1819 ἡμῖν

2278 1832 2383 1882 τῶν
2442 1827 2815 1907 ὑπαρχόντων,
2875 1830 3194 1903 σωματικῶν
3255 1854 3415 1909 φημι,
3507 1832 3593 1888 καὶ
3653 1837 3949 1912 ψυχικῶν·

550 1911 705 1973 bono
725 1915 1019 1978 destitutis
1036 1918 1669 1982 dwmonihnsAnimae
1690 1929 1886 1979 autem
1909 1921 2061 1979 bona
2078 1939 2195 1980 non

2280 1920 2382 1972 τῶν
2469 1917 2565 1991 μὲν
2638 1920 2957 1992 σωματικῶν
3016 1918 3226 1974 πάντων
3297 1934 3616 1999 παραχωρεῖ
3661 1923 3689 1977 ὁ
3739 1911 3954 1983 δίκαιος

550 2001 869 2081 dispendit,
898 2005 953 2065 id
1000 2007 1157 2087 quod
1206 2016 1264 2068 et
1312 2007 1386 2069 de
1428 2007 1536 2067 Job
1582 2008 1856 2069 Dominm
1894 2008 2191 2069 dicentem

548 2093 1324 2157 andivimusﬁ’erumtamen
1356 2097 1610 2158 animam
1637 2097 1765 2177 ejus
1799 2116 1873 2158 ne
1906 2097 2189 2175 tetigeris.

549 2181 664 2242 Sed
699 2190 755 2243 et
785 2183 833 2243 si
864 2204 1040 2264 quem
1075 2185 2196 2265 defraudavit,redditquadruplum.1n-

551 2271 819 2333 sinuatur
842 2274 1018 2352 igitur
1048 2293 1156 2354 per
1187 2277 1299 2336 hoc
1322 2275 1477 2355 quod
1512 2278 1706 2336 omnis
1738 2274 1835 2355 qui
1871 2293 1976 2354 per
2001 2274 2193 2353 paeni—

552 2364 797 2425 tentiam
829 2364 977 2423 viam
1013 2363 1167 2423 vadit
1197 2364 1552 2424 contrariam
1588 2365 1771 2443 priori
1806 2363 2065 2444 malitiae,
2096 2382 2200 2443 per

550 2464 802 2532 quatuor
832 2453 1073 2512 virtutes
1101 2454 1298 2513 omnia
1332 2472 1461 2532 qua:
1488 2452 1650 2532 prius
1676 2458 1922 2531 peccata
1941 2460 2198 2526 sunt,sa-

551 2546 653 2602 nat
684 2558 698 2602 :
734 2550 795 2603 et
824 2540 910 2604 sic
955 2540 1173 2619 accipit
1212 2542 1491 2611 salutem.
1543 2542 1817 2621 ﬁliusque
1861 2541 2199 2601 nominatur

551 2630 831 2704 Abrahae,
858 2648 927 2692 eo
962 2631 1117 2710 quod
1152 2633 1356 2711 etipse
1391 2649 1667 2708 egressus
1684 2632 1847 2692 sitde
1884 2640 2041 2692 terra
2065 2649 2191 2703 sua,

552 2728 609 2778 et
640 2719 988 2797 cognatione
1021 2719 1234 2799 prioris
1266 2719 1526 2793 malitiae,
1562 2730 1619 2781 et
1664 2721 1739 2780 de
1787 2720 1963 2781 domo
2014 2719 2197 2799 patris

554 2808 671 2883 sui,
700 2808 810 2868 hoc
843 2817 952 2881 est,
994 2822 1154 2869 extra
1186 2808 1448 2888 seipsum
1490 2808 1699 2882 factus,
1736 2817 1793 2869 et
1845 2827 2064 2887 negans
2096 2825 2196 2868 se-

552 2896 1003 2975 ipsum.Domus
1034 2896 1191 2957 enim
1226 2899 1409 2977 patris
1429 2899 1519 2959 soi
1545 2896 1909 2977 diaboliipse
1926 2898 2194 2974 erathi-

551 2994 645 3046 tur
675 2995 836 3047 extra
860 2986 1121 3065 seipsum
1153 2987 1338 3048 factus
1373 2996 1429 3048 et
1457 2987 1744 3048 alienatus
1774 2987 2022 3047 salutem
2043 2984 2194 3046 sicut

552 3076 850 3137 Abraham
887 3080 1291 3156 consequitur.

2279 2018 2394 2067 τοῖς
2464 2018 2714 2085 πτωχοῖς
2776 2012 2852 2080 τῷ
2902 2005 3036 2084 ὄντι,
3100 2008 3186 2061 καὶ
3244 2009 3443 2070 παντὸς
3472 2010 3673 2087 ἀγαθοῦ
3699 2012 3943 2085 lampa-

2281 2093 2454 2167 μένοις
2508 2093 2741 2168 δαίμοσι·
2802 2101 2907 2151 τῶν
2962 2092 3017 2149 δὲ
3074 2095 3321 2175 ψυχικῶν
3351 2100 3455 2176 οὔχ
3506 2097 3888 2178 ὑπεξίσταται,
3922 2099 3950 2153 ὅ

2279 2183 2365 2238 καὶ
2434 2181 2518 2238 ἐπὶ
2560 2192 2653 2241 τοῦ
2695 2180 2818 2240 ’1ὼὸ
2848 2183 3084 2261 ἔγνωμεν
3116 2185 3204 2239 τὸν
3251 2185 3436 2262 Κύριον
3479 2184 3734 2263 λέγοντα,
3790 2186 3945 2255 Πλην

2278 2276 2376 2337 τῆς
2434 2276 2619 2350 ψυχῆς
2650 2272 2805 2327 αύτοῦ
2835 2272 2913 2345 μὴ
2959 2271 3095 2348 ἅψῃ.
3130 2270 3297 2328 Ἀλλὰ
3340 2275 3426 2330 καὶ
3456 2273 3510 2329 εἴ
3538 2275 3688 2339 τινός
3718 2299 3777 2331 τι
3812 2277 3945 2333 ἐσυ-

2279 2360 2603 2439 κοφάντησε,
2662 2358 2985 2437 τετραπλοῦν
3068 2359 3420 2423 ὰποτίννυσιν.
3516 2363 3819 2423 Αἱνίττετοι
3891 2366 3945 2421 δὲ

2279 2447 2361 2508 διὰ
2415 2449 2626 2529 τούτου,
2686 2448 2764 2506 ὅτι
2826 2455 2930 2513 πᾶς
2974 2450 3001 2505 ὀ
3032 2446 3116 2507 διὰ
3149 2450 3429 2525 μετανοίας
3452 2452 3551 2518 τὴν
3588 2452 3846 2510 ἐναντίαν
3878 2463 3945 2531 τῇ

2278 2537 2505 2617 προτέρᾳ
2545 2539 2702 2611 κακίᾳ
2757 2536 2877 2594 ὁδὸν
2966 2536 3281 2617 ἐρχόμενος,
3339 2537 3424 2594 διὰ
3484 2546 3587 2596 τῶν
3659 2544 3944 2621 τεσσάρων

2279 2630 2477 2699 ἀρετῶν
2527 2629 2698 2684 πάντα
2751 2628 2817 2682 τὰ
2866 2627 3118 2705 πρότερον
3173 2627 3541 2706 ἁμαρτηθέντα
3583 2630 3822 2707 ἐξιᾶται,
3858 2637 3943 2689 καὶ

2280 2718 2446 2780 οότως
2518 2714 2774 2792 λαμϐάνει
2829 2716 2928 2783 τὴν
3002 2716 3285 2793 σωτηρίαν,
3360 2718 3448 2773 καὶ
3505 2716 3754 2797 Ἀϐραὰμ
3828 2725 3935 2785 υἱὸς

2280 2807 2615 2881 ὀνομάζεται,
2648 2807 2721 2870 ὡς
2795 2806 2883 2861 καὶ
2940 2806 3094 2869 αὖτὸς
3127 2803 3344 2870 ὲξελθὼι
3378 2805 3437 2861 ἐκ
3467 2812 3564 2874 τῆς
3594 2813 3699 2886 γῆς
3748 2814 3927 2880 αὐτοῦ,

2281 2897 2365 2951 καὶ
2422 2894 2481 2950 ἐκ
2551 2892 2649 2961 τῆς
2696 2896 2997 2972 συγγενείας
3046 2896 3147 2960 τῆς
3176 2894 3432 2974 προτέρας
3462 2898 3681 2973 κακίας,
3712 2902 3799 2955 καὶ
3828 2899 3923 2964 ἔξω

2276 2992 2367 3043 τοῦ
2437 2983 2589 3039 ο’ἷκου
2658 2990 2751 3040 τοῦ
2805 2985 3004 3061 πατρὸς
3037 2983 3216 3059 αὐτοῦ,
3266 2983 3556 3065 τουτέστιν,
3592 2984 3697 3051 ’ἐξω
3740 2989 3915 3043 ἑαυτοῦ

2276 3072 2527 3152 γεγονὼς,
2588 3071 2677 3127 καί
2731 3070 3173 3148 ἁπαρνησαίμενος
3221 3072 3427 3131 ἑαυτὸν.
3485 3073 3660 3136 Οἶκος
3691 3074 3789 3151 γὰρ
3833 3091 3921 3139 10;

552 3169 746 3244 πατρὸς
781 3168 935 3222 αὒτοῦ
977 3173 1069 3221 τοῦ
1099 3165 1338 3224 διαϐόλου
1372 3167 1523 3232 αύτὸς
1555 3168 1641 3235 ἦν.
1677 3164 1835 3232 "Bito
1864 3166 2033 3223 τοίνυν
2066 3162 2250 3219 ἑαυτοῦ
2281 3162 2538 3241 γεγονὼς,
2570 3161 2658 3216 καὶ
2708 3158 3038 3234 ἀλλοιωθεὶς,
3070 3161 3334 3231 σωτηρίας
3361 3160 3617 3241 τυγχάνει
3649 3165 3794 3219 κατὰ
3836 3167 3923 3220 τὸν

552 3253 791 3333 Ἀϐραάμ
802 3304 815 3318 ,

634 3345 815 3406 Vens.
856 3346 1066 3407 11-14.
1106 3372 1129 3399 α
1156 3344 1300 3416 Hoc,
1336 3345 1451 3405 illis
1483 3343 1884 3417 audientibus,
1907 3343 2193 3423 adjiciens
2214 3350 2252 3400 C

550 3432 693 3494 dicit
721 3434 1084 3513 parabolam,
1130 3454 1199 3495 eo
1234 3435 1387 3514 quod
1443 3440 1600 3496 esset
1639 3453 1819 3513 prope
1850 3432 2190 3512 Hierosoly-

455 3554 463 3561 -
554 3539 730 3595 mam,
757 3522 1034 3602 quodque
1068 3522 1477 3583 existimarent
1508 3523 1631 3583 fore
1656 3531 1718 3581 ut
1748 3523 2056 3583 confestim
2090 3540 2189 3581 re-

547 3632 724 3691 gnum
757 3612 860 3673 Dei
895 3611 1392 3673 manifestaretur.
1416 3612 1575 3672 Dixit
1602 3611 1927 3688 egozﬂomo
1952 3611 2189 3691 quidam

546 3719 873 3781 generosus
902 3702 1194 3780 profectus
1212 3709 1297 3762 est
1331 3701 1389 3761 in
1409 3701 1710 3778 regionem
1729 3702 2193 3781 longinquam,ut

547 3790 842 3869 acciperet
871 3790 983 3850 sibi
1014 3808 1284 3866 regnum,
1320 3809 1387 3850 ac
1415 3789 2074 3853 reverteretur.Vocatis
2095 3810 2192 3850 au-

551 3890 665 3938 tem
700 3878 905 3939 decem
941 3879 1125 3939 servis
1149 3878 1567 3958 suis,dediteis
1586 3880 1789 3941 decem
1815 3879 2192 3960 minas,etait

549 3966 617 4027 ad
648 3968 777 4027 illos
804 3987 816 4027 :
847 3968 1237 4047 Negotiamini
1286 3969 1476 4029 donec
1508 3969 1760 4029 veniam.
1794 3970 1962 4031 Cives
1991 3979 2186 4030 autem

2363 3365 2390 3395 α
2422 3339 2753 3397 Ἀκουόντων
2808 3337 2863 3394 δὲ
2934 3340 3099 3396 αὐτῶν
3132 3344 3316 3412 ταῦτα,
3362 3340 3603 3416 προσθεὶς
3648 3342 3779 3398 εἷπε
3811 3366 3924 3400 πα-

2276 3428 2531 3510 ραϐολὴν,
2597 3427 2680 3485 διὰ
2734 3429 2796 3483 τὸ
2865 3427 3020 3507 ἐγγὺς
3050 3429 3206 3485 αὐτὸν
3235 3429 3377 3484 εἶναι
3426 3420 3797 3506 Ἰερουσαλὴμ,
3846 3436 3929 3489 καὶ

2275 3518 2454 3576 δοκεῖν
2511 3518 2720 3589 αὐτοὺς,
2754 3516 2833 3573 ὅτι
2877 3522 3213 3597 παραχρῆμα
3256 3515 3503 3592 μέλλειὴ
3553 3518 3805 3593 βασιλεία
3834 3526 3928 3579 105

2277 3618 2407 3667 Θεοῦ
2438 3610 2828 3688 ἀναφαίνεσθαι.
2860 3610 3029 3666 Εἶπεν
3062 3609 3173 3666 οὖν·
3212 3600 3535 3689 ’Ἄνθρωπός
3578 3632 3661 3675 τις
3698 3614 3923 3690 εὐγενὴς

2277 3700 2531 3779 ἐπορεύθη
2589 3701 2660 3764 εἷς
2690 3700 2875 3779 χώραν
2906 3698 3134 3776 μακρὰν,
3168 3697 3361 3756 λαϐεῖν
3409 3699 3578 3772 ἑαυτῷ
3618 3700 3921 3777 βασιλείαν,

2275 3789 2362 3845 καὶ
2419 3788 2766 3867 ὑποστρέψαι,
2830 3785 3056 3853 καλέσας
3125 3784 3179 3843 δὲ
3236 3785 3361 3844 δέκα
3431 3784 3645 3851 δούλους
3708 3790 3920 3871 ἑαυτοῦ,

2275 3874 2465 3933 ἔδωκεν
2540 3876 2720 3941 αὖτοϊς
2795 3873 2917 3933 δέκα
2987 3882 3146 3957 μνᾶς,
3206 3878 3293 3932 καὶ
3344 3888 3496 3933 εἴπεν
3538 3878 3673 3955 πρὸς
3706 3881 3919 3952 αὐτοὺς,

2276 3965 2772 4043 Πραγματεύσασθε,
2836 3964 2934 4030 ἕως
2989 3965 3241 4045 ἔρχομαι.
3288 3968 3347 4022 Οἱ
3377 3964 3432 4020 δὲ
3488 3964 3714 4021 πολῖται
3768 3969 3919 4025 αὖτώ

2274 4053 2485 4128 ἐμίσουν
2544 4054 2722 4128 αὐτὸν,
2756 4058 2842 4111 καὶ
2870 4054 3189 4112 ἀπέστειλαν
3232 4051 3509 4134 πρεσϐείαν
3560 4055 3735 4111 ὀπίσω
3766 4059 3918 4115 αὖτοῦ

2273 4142 2543 4225 λέγοντες,
2604 4146 2676 4201 Οὐ
2738 4144 2959 4220 θέλομεν
3013 4152 3198 4203 τοῦτον
3230 4144 3537 4221 βασιλεῦσαι
3568 4142 3648 4224 ἐφ’
3676 4147 3846 4220 ἡμᾶς,
3884 4171 3911 4203 ι

2277 4242 2439 4289 Δοκεῖ
2495 4256 2610 4314 μοι,
2670 4232 2751 4290 ὅτι
2805 4236 2852 4292 οἱ
2909 4233 3171 4314 ἅνθρωποι
3244 4242 3388 4291 οὗτοι
3417 4234 3700 4297 ἀκούοντες
3754 4237 3911 4311 βασι-

2272 4317 2417 4375 λείαν
2478 4328 2631 4395 Θεοῦ,
2710 4323 2964 4390 αἰσθητὴν
3040 4324 3236 4390 ταύτην
3315 4320 3690 4403 ὑπελάμϐανον

2274 4415 2405 4466 Θεοῦ
2489 4406 2863 4477 εὗδοκηθεισαν
2921 4411 3006 4468 ἐπὶ
3062 4411 3324 4487 ὲλευθερίᾳ
3376 4420 3468 4469 τοῦ
3511 4401 3797 4489 Ἐϐραῖκοῦ
3824 4401 3915 4491 γέ-

547 4055 679 4134 ejus
710 4057 955 4117 oderant
996 4077 1153 4118 eum.
1193 4058 1597 4138 miseruntque
1656 4060 2007 4138 legationem
2062 4068 2192 4140 post

549 4143 738 4224 illum,
798 4145 1065 4206 dicentes
1114 4165 1128 4205 :
1169 4145 1452 4208 Nolumus
1510 4147 1665 4207 hunc
1720 4166 1968 4225 regnare
2017 4166 2193 4228 super

548 4251 676 4295 nos.
718 4259 743 4287 ι
782 4234 1026 4295 Videtur
1058 4236 1200 4295 mihi
1234 4236 1385 4315 quod
1434 4236 1704 4297 homines
1748 4237 1831 4297 illi
1881 4237 2191 4299 audientes

546 4341 792 4400 regnum
826 4323 952 4400 Dei,
991 4324 1135 4386 illud
1176 4326 1600 4405 supicabantur
1630 4327 1952 4405 temporale
1998 4345 2128 4387 esse
2157 4346 2191 4388 a

546 4410 667 4472 Deo
702 4412 901 4473 datum
961 4413 1020 4473 in
1067 4414 1400 4477 libertatem
1463 4414 1733 4476 llebraici
1780 4417 2014 4494 generis
2052 4416 2189 4478 :id-

543 4500 700 4560 circo
734 4509 793 4562 et
824 4502 1274 4582 suspicabantur
1315 4504 1471 4585 quod
1514 4503 1689 4565 Jesus
1737 4523 1912 4565 ascen
1940 4510 2068 4565 iens
2128 4505 2186 4565 in

2280 4518 2410 4576 μους,
2476 4496 2555 4553 διὸ
2587 4500 2672 4554 καὶ
2718 4501 2989 4575 ὑπενόουν,
3024 4499 3100 4557 ὁτι
3133 4502 3160 4557 ό
3192 4499 3395 4567 Ἰησοῦς
3446 4499 3810 4578 ἀνερχόμενος
3841 4505 3909 4565 εἰς

539 4587 893 4664 Jerusalem,
929 4577 1085 4651 -445
1142 4577 1487 4669 sumpturus
1539 4602 1694 4653 esset
1752 4595 1861 4654 hoc
1912 4610 2182 4672 regnum.

2280 4577 2642 4663 Ἰερουσαλὴμ,
2715 4586 2947 4664 λήψεται
3015 4590 3212 4657 ταύτην
3259 4592 3355 4657 τὴν
3411 4587 3709 4665 βασιλείαν.
3748 4582 3804 4649 ’0
3860 4590 3911 4646 δὲ

543 4676 827 4739 Dominus
848 4690 1043 4741 autem
1074 4691 1363 4743 monstrat
1393 4682 1479 4743 eis
1499 4681 1651 4763 quod
1675 4682 2015 4762 insipientia
2034 4703 2186 4763 quaa-

2280 4678 2456 4754 Ιιίύριος
2543 4675 2789 4734 δεικνύων
2874 4679 3079 4759 αὐτοῖς,
3154 4678 3232 4736 ὅτι
3310 4679 3515 4746 ἀνόητα
3582 4701 3702 4736 τινα
3761 4679 3909 4760 λογί-

541 4768 674 4826 dam
702 4767 921 4849 dicant,
956 4790 1071 4831 non
1106 4771 1264 4831 enim
1300 4773 1624 4851 temporale
1655 4791 1901 4850 regnum
1938 4773 2185 4852 ejus;in-

2280 4774 2467 4846 ζονται,
2528 4768 2586 4823 οὒ
2642 4767 2740 4845 γὰρ
2796 4768 3020 4835 αἰσθητὴ
3078 4771 3111 4836 ἦ
3167 4768 3407 4844 βασιλεία
3464 4771 3643 4826 αὐτοῦ’
3708 4766 3819 4844 ἃμα
3860 4769 3909 4824 δὲ

544 4864 704 4916 terea
734 4866 789 4917 et
823 4860 932 4919 hoc
963 4859 1246 4936 declarat,
1280 4860 1437 4940 quod
1496 4870 1557 4922 ut
1610 4861 1765 4922 Deus
1798 4861 2183 4940 cogitationes

2280 4856 2350 4910 ιαὶ
2406 4854 2691 4937 ἐμφαίνων,
2748 4855 2826 4912 ὅτι
2887 4860 3015 4922 Θεὸς
3076 4859 3148 4915 ὥν
3206 4856 3321 4914 οἶδε
3364 4857 3485 4919 τοὺς
3535 4854 3907 4935 διαλογισμοὺς

541 4963 744 5006 eorum
765 4950 950 5010 sciat:
987 4949 1145 5009 unde
1208 4960 1268 5012 et
1310 4951 1462 5011 hanc
1516 4949 1851 5029 parabolam
1907 4950 2073 5023 dicit,
2127 4961 2183 5011 et

2280 4944 2457 5016 ιῦτῶν,
2532 4944 2677 5023 λέγει
2736 4947 2932 5014 ταύτην
2987 4948 3085 5015 τὴν
3119 4945 3448 5026 παραϐολὴν,
3498 4945 3771 5025 ἄνθρωπον
3816 4949 3911 5023 μὲν

540 5035 840 5097 hominem
862 5056 1219 5115 generosum
1244 5059 1307 5101 se
1327 5038 1815 5100 intredm~it.Nam
1845 5040 1985 5100 licet
2004 5040 2179 5101 homo

2280 5033 2451 5110 ιῦγενῆ
2550 5035 2885 5112 παρεισάγων
2969 5037 3173 5095 ἑαυτόν.
3237 5036 3345 5094 Κᾶν
3444 5036 3544 5113 γὰρ
3632 5034 3903 5112 ἅνθρωπος

540 5124 741 5196 fuerit,
780 5128 993 5188 mansit
1024 5137 1216 5189 tamen
1250 5129 1307 5189 in
1343 5129 1567 5208 fastigio
1614 5140 1671 5189 et
1712 5129 2018 5191 nobilitate
2047 5129 2179 5190 dei-

2280 5120 2498 5198 (έγονεν,
2572 5121 2707 5179 ἀλλὰ
2777 5127 3077 5200 μεμένηκεν
3133 5126 3185 5184 ἒν
3245 5127 3320 5201 τῷ
3347 5125 3493 5201 ὕψει,
3543 5127 3913 5205 ωὶτῇεῦγε-

540 5216 695 5277 tatis.
730 5216 997 5277 Perfecto
1046 5228 1238 5278 autem
1306 5219 1582 5298 mysterio
1630 5217 2087 5297 dispensationis
2120 5218 2177 5278 in

2280 5210 2370 5281 νείᾳ
2426 5216 2523 5280 τῆς
2577 5213 2855 5288 θεότητος,
2917 5219 3254 5297 συμπερανας
3335 5214 3389 5272 δὲ
3448 5217 3510 5272 τὸ
3617 5223 3716 5282 τῆς
3776 5220 3910 5293 μετα

538 5324 736 5367 carne.
764 5306 821 5366 in
856 5308 1155 5385 regionem
1190 5308 1592 5387 longinquam,
1629 5308 1839 5368 cmlum
1870 5307 2176 5387 dico,pro-

2280 5301 2450 5378 ιαρκὸς
2522 5303 2823 5378 οἰκονομίας
2880 5308 3192 5386 μυστήριον,
3277 5308 3350 5371 εἰς
3423 5306 3608 5385 χώραν
3681 5309 3909 5384 μακρὰν,

536 5398 725 5456 lectus
780 5405 890 5470 est,
923 5407 979 5459 ut
1012 5396 1309 5477 acciperet
1341 5397 1453 5459 sibi
1509 5416 1781 5476 regnum,
1820 5396 1930 5457 hoc
1973 5407 2082 5472 est,
2122 5405 2182 5457 ut

2280 5391 2351 5445 τὸν
2416 5393 2655 5468 οὖρανὸν,
2712 5396 2871 5473 φημὶ,
2931 5396 3373 5476 ἀναπεφοίτηκεν,
3422 5398 3495 5461 ὼς
3540 5395 3601 5453 ἄν
3640 5395 3776 5472 λάϐῃ
3806 5399 3910 5473 βι-

535 5485 698 5563 quasi
723 5492 778 5545 et
807 5486 1133 5547 secundum
1169 5486 1324 5566 quod
1360 5480 1548 5547 homo
1582 5487 1819 5547 sederet
1869 5490 1925 5545 in
1972 5486 2181 5548 dextra

2280 5480 2465 5538 ιιλείαν
2528 5482 2724 5559 ἑαυτῷ,
2760 5487 3047 5565 τουτέστιν,
3103 5490 3177 5552 ὡς
3208 5488 3269 5544 ἄν
3311 5490 3398 5545 καὶ
3457 5488 3586 5544 καθὸ
3646 5485 3913 5567 ἅνθρωπος

611 5661 676 5712 96
706 5662 816 5725 lsa.
851 5679 1009 5744 ιχνι,
1041 5662 1103 5724 2.
