4140 6280
241 342 395 406 10‘25

965 342 1406 403 ENARHATIO
1454 340 1527 401 IN
1580 328 2081 403 EVANGELIUM
2126 332 2357 399 LUCAn‘.
2407 372 2481 382 —
2528 337 2692 399 CAP.
2745 337 2901 398 XIX.

3486 336 3637 422 1026

236 473 442 530 καθίσει
501 471 556 527 ἐν
613 468 752 544 δεξιᾷ
804 470 898 527 τοῦ
980 470 1162 569 θρόνου
1245 471 1341 538 τῆς
1398 469 1785 549 μεγαλωσύνης
1852 472 1903 525 ἐν

1993 469 2187 529 throni
2219 468 2670 544 magnificentiae
2688 469 2746 528 in
2771 469 3020 531 excelsis
3045 488 3179 530 cum
3195 470 3637 533 carne.Etenim

238 561 488 639 ὑψηλοῖς
549 561 683 637 μετὰ
728 559 944 640 σαρκός.
993 558 1086 626 Ὠς
1146 561 1243 635 μὲν
1291 562 1391 641 γὰρ
1452 563 1606 641 Θεὸς,
1653 558 1730 617 ἆεὶ
1777 583 1902 617 συν-

239 650 494 731 εδριάζων
538 651 602 718 ἦν
633 650 710 724 τῷ
767 651 951 728 Πατρὶ,
1012 652 1086 713 ὡς
1140 649 1195 706 δὲ
1225 650 1496 728 ἅνθρωπος
1540 653 1660 708 τότε
1721 649 1902 706 ἐκάθι-

236 763 359 819 σεν,
421 739 547 796 ὅταν
599 738 871 819 ἀνελήφθη
927 739 1248 818 περιμένων,
1304 738 1404 803 ἕως
1463 739 1523 796 οὗ
1594 742 1812 795 τεθῶσιν
1856 742 1901 795 οἱ

241 830 428 911 ἐχθροὶ
484 830 585 886 ὑπὸ
649 828 769 891 τοὺς
814 826 979 891 πόδας
1037 833 1217 891 αὐτοῦ.
1264 837 1427 888 Τοῦτο
1457 826 1511 885 δὲ
1557 828 1699 884 ἔσται
1738 828 1792 883 ἐν
1835 834 1901 904 τῇ

237 918 537 993 συντελείᾳ,
595 917 682 974 ὅτε
741 920 807 975 τα
862 920 1033 974 πάντα
1093 922 1189 975 καὶ
1243 917 1438 975 ἄκοντα
1507 920 1899 997 ὑποταγήσεται

242 1010 391 1083 αὖτῷ
448 1008 825 1079 πιστεύσαντα,
885 1006 966 1063 ὅτι
1029 1009 1215 1087 Κύριος
1274 1005 1481 1075 Ἰησοῦς
1554 1010 1774 1086 Χρισ-ὸς
1832 1010 1904 1073 εἷς

238 1096 397 1162 δόξαν
443 1104 576 1153 Θεοῦ
632 1096 859 1175 Πατρός.
912 1095 1135 1152 [Ιολῖται
1177 1096 1231 1152 δὲ
1277 1098 1434 1154 αὐτοῦ
1479 1098 1607 1153 εἶσιν
1665 1098 1711 1153 οἱ
1765 1094 1901 1154 Ἰου-

240 1185 388 1243 δαῖοι
450 1194 728 1260 μισοῦντες
787 1187 966 1244 αὐτόν.
1036 1177 1332 1264 Ἐωράκασι
1404 1186 1525 1265 γὰρ,
1574 1188 1757 1263 φησὶν,
1818 1180 1903 1241 καὶ

248 1276 584 1350 μεμισήκασι
629 1276 716 1330 καὶ
786 1273 904 1349 ἐμέ,
977 1276 1079 1330 καὶ
1133 1277 1223 1331 τὸν
1277 1275 1481 1354 Πατέρα
1525 1298 1651 1351 μου,
1699 1278 1754 1332 οἳ
1809 1279 1904 1334 ούκ

241 1362 518 1431 ἠθέλησαν
549 1365 705 1419 αὐτὸν
762 1362 846 1419 ἐπ’
890 1364 1075 1427 αὖτοὺς
1134 1363 1460 1440 βασιλεῦσαι.
1499 1366 1591 1420 Διὸ
1634 1366 1721 1421 καὶ
1778 1364 1901 1420 ἕλε-

244 1474 348 1531 ~(0v
391 1454 523 1531 πρὸς
588 1450 815 1508 Πιλάτον
873 1452 1180 1531 ἀρνούμενοι
1236 1454 1330 1521 τὴν
1389 1452 1658 1530 βασιλείαν
1690 1453 1845 1511 αὐτοῦ
1880 1469 1893 1483 '

248 1562 281 1599 ι
321 1545 426 1601 Οὔκ
452 1540 652 1621 ἔχομεν
683 1541 965 1617 βασι).έα’)
995 1544 1081 1598 καὶ
1112 1541 1294 1599 πάλιν·
1326 1563 1349 1599 ε
1387 1544 1476 1609 Μὴ
1501 1545 1691 1623 γράφε,
1723 1536 1778 1601 Ὀ
1808 1545 1903 1620 βα-

241 1629 425 1693 σιλεὺς
458 1637 563 1686 τῶν
601 1627 880 1688 Ἰουδαίων.
921 1654 945 1685 ιι
986 1631 1164 1689 Καίτοι
1195 1632 1461 1711 Ζαχαρίας
1514 1634 1634 1709 βοᾷο
1672 1654 1695 1687 α
1734 1640 1901 1711 Χαῖρε

240 1717 468 1800 σφόδρα,
501 1720 724 1798 θύγατερ
780 1721 946 1792 Σιὼν,
998 1720 1078 1809 ὅτι
1127 1720 1380 1785 Βασιλεύς
1432 1744 1522 1779 σου
1548 1720 1765 1802 ἔρχεταί
1819 1744 1900 1778 σοι

1990 1711 2181 1809 veniet
2224 1712 2329 1772 tibi
2376 1713 2573 1791 justus
2636 1723 2692 1773 et
2742 1713 2933 1773 salvus
2958 1713 3044 1793 97;

239 1808 463 1884 δίκαιος,
514 1810 602 1864 καὶ
633 1809 843 1879 σώζωνο
883 1833 907 1861 υ
944 1811 1033 1865 καὶ
1066 1800 1313 1872 Ἠσαίας
1361 1831 1381 1865 ι
1414 1809 1543 1867 ’ἰδοὺ
1574 1800 1901 1886 δὲὝβασιλεὺς

239 1896 442 1961 δίκαιος
469 1895 794 1974 βασιλεύσει·
827 1921 853 1953 n
890 1901 976 1955 καὶ
1035 1896 1193 1954 Δαυίδ
1242 1921 1263 1953 ε
1316 1898 1462 1976 Ἐγὼ
1490 1898 1543 1955 δὲ
1574 1901 1901 1967 κατεστάθην

239 1985 490 2064 βασιλεὺς
537 1984 625 2042 ὑπ’
671 1989 848 2049 αὐτοῦ,
903 2006 932 2045 )
967 1989 1025 2045 Οἱ
1086 1986 1182 2063 μὲν
1243 1990 1332 2044 οὖν
1363 1986 1611 2045 Ἰουδαῖοι
1643 1989 1900 2061 ἐμίσησαν

238 2077 339 2133 τὸν
396 2077 604 2155 Κύριον,
656 2078 683 2131 ὁ
739 2074 791 2131 δὲ
848 2090 966 2139 τοῖς
1019 2073 1225 2141 δούλοις
1272 2080 1427 2135 αὐτοῦ
1474 2074 1596 2133 δέκα
1632 2083 1763 2151 μνᾶς
1806 2076 1897 2133 δέ-

241 2163 407 2225 δωκε,
440 2166 624 2221 Δοῦλοι
668 2161 723 2217 δὲ
768 2164 922 2219 αὐτοῦ
964 2164 1011 2218 οἷ
1055 2163 1108 2219 ἐν
1174 2168 1242 2239 τῇ
1284 2163 1574 2236 Ἐκκλησία
1630 2163 1899 2228 διακονίας

241 2250 679 2326 πεπιστευμένοι,
726 2248 851 2307 δέκα
892 2250 1170 2329 λεγόμειοι
1239 2252 1406 2327 εἶναι,
1459 2250 1541 2308 διὰ
1582 2254 1644 2309 τὸ
1698 2252 1901 2311 τέλειον

239 2344 346 2408 τῆς
398 2339 850 2407 ἐκκλησιαπικῆς
880 2342 1225 2419 προστασίας,
1262 2332 1324 2399 Ἠ
1377 2342 1476 2421 γὰρ
1533 2341 1587 2396 ἐν
1636 2348 1704 2418 τῇ
1770 2340 1898 2400 Ἐκ-

241 2427 445 2500 κλησίᾳ
486 2425 632 2492 τάξις
718 2427 921 2485 τελείαν
1004 2428 1126 2509 ἔχει
1206 2430 1299 2497 τὴν
1373 2432 1480 2486 τῶν
1553 2431 1900 2508 προεστώτων

242 2515 625 2592 διακόσμησιν,
671 2518 758 2572 καὶ
811 2514 927 2572 οὔτε
957 2515 1205 2581 πλείονας
1239 2515 1342 2573 ἔδει
1388 2518 1553 2597 εἶναι,
1590 2517 1706 2575 οὔτε
1736 2517 1898 2575 ἐλάτ-

241 2627 428 2668 τονας.
476 2605 633 2678 Οἶον,
681 2603 842 2680 λόγου
884 2606 1069 2685 χάριν,
1123 2608 1238 2686 τρία
1282 2616 1444 2665 ταῦτα
1476 2608 1683 2686 ὁρῶμεν
1734 2608 1788 2664 ἐν
1831 2615 1899 2685 τῇ

243 2693 565 2765 Ἐκκλησία,
601 2693 872 2773 κάθαρσιν,
933 2697 1229 2774 φωτισμὸν,
1288 2698 1376 2752 καὶ
1406 2695 1674 2753 τελείωσιν
1708 2714 1723 2727 ⁸
1784 2699 1899 2777 τρία

244 2786 339 2841 καὶ
387 2785 453 2841 τὰ
507 2784 697 2848 ταύτας
728 2784 821 2846 τὰς
874 2784 1134 2863 ἐνεργείας
1185 2784 1573 2864 κληρωσάμενα
1601 2788 1845 2865 τάγματα
1880 2803 1893 2818 ⁸

247 2876 301 2930 οἰ
361 2872 593 2929 διάκονοι
653 2873 950 2951 καθαίρουσι
1022 2870 1105 2928 διὰ
1167 2876 1527 2953 κατηχήσεως
1594 2877 1679 2931 καὶ
1749 2874 1897 2932 διδα-

251 2960 498 3041 σκαλίας,
573 2963 620 3016 οἱ
702 2958 1043 3037 πρεσϐύτεροι
1094 2963 1376 3042 φωτίζουσι
1442 2960 1525 3018 διὰ
1576 2970 1667 3019 τοῦ
1708 2964 1899 3040 βαπτί-

250 3071 477 3125 σματος,
557 3051 604 3106 οἱ
662 3047 933 3128 ἀρχιερεῖς
1017 3051 1105 3107 καὶ
1179 3051 1443 3129 ἱερατικὰς
1516 3050 1686 3116 τάξεις
1743 3056 1899 3108 καθι-

254 3145 421 3194 στῶσι
470 3139 558 3195 καὶ
616 3137 928 3214 τελειοῦσιν,
1000 3137 1028 3194 8
1092 3138 1225 3220 ἐστι,

256 3230 326 3285 τὰ
377 3228 619 3306 τάγματα
690 3230 823 3315 πρὸς
893 3230 987 3292 τὰς
1044 3230 1332 3309 ἐνεργείας,
1406 3232 1493 3287 καὶ
1544 3231 1659 3288 οὔτε
1713 3230 1902 3305 πλείω,

258 3315 378 3374 οὔτε
437 3316 663 3389 ἐλάττω,
724 3319 788 3373 τὰ
844 3324 949 3374 τῶν
1032 3318 1381 3397 προεστώτων
1438 3320 1619 3401 φημί,
1692 3321 1906 3388 Τούτοις

252 3407 345 3465 οὖν
393 3420 510 3471 τοῖς
571 3405 773 3470 δούλοις
832 3405 1061 3484 διαμένει
1105 3406 1231 3465 δέκα
1274 3414 1430 3483 μνᾶς,
1478 3410 1543 3464 τὰ
1599 3411 1906 3490 χαρίσματά

250 3518 415 3577 φημι,
464 3495 497 3552 ἂ
555 3496 763 3571 ἑκάστῳ
819 3494 1012 3553 δίδοται
1054 3498 1185 3575 πρὸς
1227 3498 1289 3553 τὸ
1332 3498 1614 3576 συμφέρον.
1651 3503 1761 3562 ῐΙᾶς
1804 3500 1903 3579 γὰρ

248 3589 281 3642 ὁ
334 3585 657 3665 προστασίαν
718 3583 1090 3664 ἐγχειρισθεὶς,
1152 3582 1250 3642 κᾶν
1293 3584 1503 3651 ἀνάξιος
1558 3588 1613 3662 ᾗ,
1662 3588 1903 3667 χάρισμα

249 3674 372 3755 ἔχει
429 3672 481 3739 ἐξ
536 3674 701 3739 αὐτῆς
744 3673 843 3740 τῆς
891 3673 1148 3753 χρίσεως,
1227 3676 1315 3730 καὶ
1392 3674 1501 3731 ἔστι
1556 3682 1708 3731 τοῦτο
1767 3675 1903 3755 μέγα

251 3761 420 3825 ὄντως
491 3761 588 3830 τῆς
658 3768 752 3819 106
810 3769 941 3821 Θεοῦ
1017 3761 1407 3843 φιλανθρωπίας
1452 3765 1540 3821 καὶ
1603 3766 1904 3841 οἰκονομίας

253 3853 545 3931 μυστήριον
555 3895 571 3911 .

343 3962 366 3996 α
418 3941 517 3998 Καὶ
576 3939 785 4018 ἐγένετο
842 3939 897 3996 ἐν
953 3945 1029 4012 τῷ
1098 3940 1407 3998 ἐπανελθεῖν
1465 3943 1622 3999 αὐτὸν
1676 3941 1904 4002 λαϐόντα

250 4029 354 4097 τὴν
410 4026 709 4102 ϐασιλείαν,
774 4029 899 4086 εἶπε
955 4031 1262 4104 φωνηθῆναι
1315 4030 1457 4102 αύτῷ
1510 4032 1632 4095 τοὺς
1688 4029 1903 4097 δούλους

250 4119 488 4190 τούτους,
523 4117 612 4180 οἷς
644 4114 806 4173 ἔδωκε
862 4118 922 4173 τὸ
966 4116 1233 4197 ἀργύριον,
1290 4115 1383 4174 ἵνα
1437 4125 1548 4196 γνῷ
1588 4119 1666 4183 τίς
1696 4121 1745 4176 τί
1789 4118 1900 4177 διε...

249 4206 720 4287 πραγματεύσατο,
788 4200 1117 4285 Παρεγένετο
1174 4205 1228 4261 δὲ
1309 4208 1336 4262 ὁ
1409 4207 1617 4285 πρῶτος
1677 4205 1851 4287 λὲγων
1888 4226 1901 4239 ·

258 4297 438 4376 Κύριε,
495 4296 530 4363 ἡ
603 4301 710 4370 μνᾶ
770 4316 862 4352 σου
922 4296 1342 4375 προσειργάσατο
1400 4293 1524 4352 δέκα
1589 4302 1748 4371 μνᾶς.
1810 4300 1907 4356 Καὶ

253 4384 413 4442 εἶπεν
456 4389 621 4457 αὐτῷ’
680 4392 773 4460 Εὖ,
831 4383 980 4442 δοῦλε
1011 4383 1195 4463 ἀγαθὲ,
1230 4384 1309 4441 ὅτι
1340 4384 1393 4443 ἐν
1425 4384 1693 4465 ἐλαχίστῳ
1720 4389 1906 4453 πιστὸς

1987 558 2138 619 sicut
2166 561 2590 638 Deus,semper
2621 558 2940 620 considens
2962 557 3073 619 fuit
3094 559 3435 621 Patrizsicut
3460 561 3636 621 homo

1986 658 2178 707 autem
2217 657 2352 708 tunc
2392 648 2564 720 sedit,
2600 648 2833 726 quando
2878 656 3215 727 assumptus
3246 657 3353 723 est,
3394 668 3636 729 perma-

1988 755 2138 797 neu.;
2168 737 2357 798 donec
2393 744 2684 816 ponantur
2706 736 2933 797 inimici
2965 737 3095 815 ejus
3128 736 3237 797 sub
3268 739 3453 817 pedes
3480 740 3635 817 ejus.

1986 821 2107 883 Hoc
2139 831 2334 883 autem
2394 823 2508 885 erit
2565 824 2621 884 in
2655 826 3184 896 consummatione,
3230 826 3466 904 quando
3498 846 3632 886 om-

1987 912 2081 971 nia
2111 911 2287 972 etiam
2337 931 2466 992 quae
2519 913 2745 986 nolunt,
2780 911 3175 991 subjicientur
3220 916 3294 984 ei,
3328 915 3634 978 credentia

1987 1000 2141 1080 quod
2176 999 2463 1061 Dominus
2487 998 2661 1062 Jesus
2690 1000 2962 1061 Christus
2992 1000 3050 1061 in
3076 1000 3261 1079 gloria
3288 1004 3392 1063 Dei
3420 1002 3626 1065 Patris.

1987 1088 2153 1151 Cives
2185 1103 2382 1149 autem
2415 1091 2544 1167 ejus
2577 1098 2715 1150 sunt
2742 1089 2952 1161 Judaei,
2979 1090 3115 1151 odio
3139 1089 3423 1154 habentes
3441 1091 3631 1153 illum.

1991 1176 2280 1239 Viderunt
2311 1180 2489 1251 enim,
2517 1178 2730 1259 inquit,
2757 1188 2814 1239 et
2845 1179 2980 1239 odio
3014 1178 3350 1242 habuerunt
3376 1189 3638 1255 etme,et

1987 1268 2219 1329 Patrem
2260 1286 2481 1342 meum,
2528 1277 2586 1328 et
2635 1269 2957 1330 noluerunt
3007 1287 3141 1329 eum
3191 1287 3371 1349 super
3416 1288 3481 1330 se
3531 1289 3629 1331 re-

1984 1375 2166 1434 gnare
2215 1378 2228 1419 :
2280 1357 2436 1417 unde
2474 1364 2532 1417 et
2572 1356 2850 1417 dicebant
2896 1357 2966 1417 ad
3018 1357 3292 1428 Pilatum,
3354 1366 3636 1437 negantes

1984 1464 2231 1523 regnum
2263 1447 2430 1524 ejus:
2464 1471 2485 1501 ι
2515 1445 2641 1507 Νοη
2675 1446 2959 1506 habemus
2991 1465 3215 1525 regem;
3249 1472 3274 1501 ι
3304 1456 3360 1507 et
3388 1448 3631 1510 iterum:

1990 1559 2016 1589 α
2048 1533 2131 1595 Ne
2164 1535 2409 1607 scribas,
2470 1536 2591 1597 Rex
2632 1534 2990 1596 Judaeorum.
3028 1561 3049 1591 »
3101 1535 3377 1607 Quamvis
3406 1535 3631 1597 Zacha-

1984 1624 2100 1684 rias
2130 1623 2286 1684 dicat
2313 1640 2326 1685 :
2360 1624 2597 1687 «Gaude
2628 1624 2818 1696 valde,
2856 1623 2973 1684 ﬁlia
3006 1623 3171 1695 Sion,
3207 1624 3346 1703 quia
3374 1643 3476 1686 rex
3499 1633 3631 1685 tuus

3085 1734 3113 1771 ι
3175 1722 3346 1792 atque
3397 1714 3627 1776 Isaias:

1992 1799 2177 1863 «Ecce
2206 1802 2521 1880 rexjustus
2544 1801 3135 1881 regnabitpinsuper
3164 1811 3221 1861 et
3248 1802 3451 1864 David:
3472 1802 3626 1881 «Ego

1983 1898 2177 1952 autem
2231 1890 2605 1951 constitutus
2631 1909 2761 1952 sum
2810 1908 2911 1951 rex
2953 1890 3024 1951 ab
3058 1908 3151 1951 eo.
3191 1915 3217 1946 ι
3255 1891 3442 1953 Judaei
3487 1909 3632 1953 sane

1982 1979 2120 2040 odio
2154 1980 2487 2041 habuerunt
2516 1978 2860 2043 Dominum.
2894 1982 3078 2041 Porro
3136 1979 3424 2041 Dominus
3467 1980 3633 2042 dedit

1982 2068 2167 2129 servis
2198 2070 2401 2129 decem
2443 2069 2654 2131 minas.
2682 2070 2848 2131 Servi
2880 2078 3076 2130 autem
3120 2068 3206 2130 illi
3232 2077 3371 2130 sunt
3403 2070 3460 2130 hi
3492 2071 3629 2145 qui-

1986 2156 2173 2218 busin
2197 2156 2459 2217 Ecclesia
2503 2157 2899 2218 ministerium
2929 2158 3337 2219 concreditum
3372 2168 3483 2233 est;
3519 2161 3630 2221 de-

1985 2264 2113 2306 cem
2145 2246 2418 2307 dicuntur
2443 2264 2598 2326 esse,
2627 2254 2867 2326 propter
2900 2246 3322 2326 perfectionem
3355 2249 3633 2310 ecclesia-

1984 2335 2145 2396 sticae
2164 2333 2747 2414 praesidentiaeﬂrdo
2772 2336 2928 2396 enim
2950 2335 3009 2395 in
3027 2335 3292 2399 Ecclesia
3306 2337 3626 2416 perfectam

1987 2422 2422 2502 praesidentium
2445 2422 2896 2503 dispositionem
2926 2422 3403 2504 habet,etneque
3428 2426 3627 2504 plures

1982 2511 2291 2591 oportebat
2322 2530 2682 2592 esse,neque
2714 2514 3051 2592 pauciores:
3076 2522 3139 2575 ut
3160 2514 3418 2593 exempli
3440 2516 3627 2593 gratia

1980 2601 2093 2661 tria
2110 2602 2234 2661 haec
2246 2600 2511 2661 videmus
2528 2619 2660 2662 esse
2677 2601 2739 2662 in
2754 2600 3465 2681 Ecclesia,purgationem
3478 2603 3634 2677 ,illu-

1982 2689 2389 2764 minationem,
2424 2699 2483 2751 et
2524 2689 2975 2769 perfectionem.
3008 2688 3399 2771 Operationes
3452 2692 3626 2754 etiam

1980 2778 2131 2853 illas,
2157 2788 2275 2839 tres
2305 2778 2494 2839 sortiti
2524 2787 2661 2840 sunt
2684 2779 2948 2841 ordines.
2979 2779 3222 2841 Diaconi
3246 2791 3497 2861 purgant
3519 2802 3627 2863 per

1981 2866 2435 2928 instructionem
2469 2875 2528 2927 et
2556 2867 2910 2947 doctrinam,
2938 2866 3264 2947 presbyteri
3289 2867 3631 2930 illuminant

1984 2974 2089 3036 per
2109 2954 2766 3036 baptismum,episcopi
2788 2956 3189 3018 sacerdotales
3205 2957 3449 3018 ordines
3478 2976 3627 3018 con-

1984 3045 2231 3104 stituunt
2272 3051 2330 3105 et
2378 3044 2711 3124 perﬁciunt,
2765 3046 2877 3105 hoc
2926 3052 3037 3118 est,
3088 3045 3383 3105 ordinant.
3449 3044 3632 3108 Vides

1284 3148 1700 3220 χειροτονοῦσιν.
1748 3133 1901 3220 Ὀρᾷς

1990 3133 2225 3195 ordines
2255 3152 2388 3195 cum
2418 3132 2947 3214 operationibus,et
2969 3151 3162 3214 neque
3181 3133 3405 3213 plures,
3434 3154 3633 3215 neque

1989 3221 3026 3304 pauciores,przesidentiuminquam
3042 3221 3439 3284 0rdines.lllis
3458 3225 3634 3303 igitur

1988 3311 2174 3375 servis
2204 3311 2505 3373 distribuit
2534 3311 2741 3373 decem
2772 3313 2984 3386 minas,
3026 3311 3140 3372 hoc
3170 3320 3280 3387 est,
3314 3313 3473 3375 dona
3501 3330 3634 3395 quae

1989 3400 2313 3480 unicuique
2359 3400 2495 3462 data
2541 3407 2677 3461 sunt
2730 3400 2789 3462 in
2828 3399 3165 3462 utilitatem.
3208 3401 3418 3465 Omnis
3468 3403 3628 3464 enim

1986 3490 2318 3571 cuicunque
2346 3492 2687 3553 concredita
2715 3498 2805 3552 est
2833 3490 3229 3572 praesidentia,
3260 3491 3437 3552 etiam
3468 3492 3520 3552 si
3541 3492 3634 3553 in-

1986 3580 2199 3657 dignus
2257 3580 2454 3655 fuerit,
2508 3580 2728 3641 donum
2778 3580 2958 3641 habet
3024 3599 3093 3640 ex
3168 3580 3447 3642 unctione
3501 3599 3632 3657 sua,

1986 3669 2046 3730 id
2078 3669 2234 3751 quod
2269 3687 2543 3749 magnum
2566 3668 2779 3732 divinae
2823 3668 3248 3732 misericordiae
3286 3687 3633 3732 sacramen-

1986 3767 2107 3820 tum
2137 3762 2251 3821 est.

2065 3928 2249 3989 Vens.
2289 3926 2499 3990 15-28.
2541 3950 2564 3983 ι
2598 3926 2669 3988 Et
2697 3927 2919 3989 factum
2962 3937 3053 3991 est
3084 3936 3149 3989 ut
3170 3928 3422 4003 rediret,
3457 3947 3636 3992 acce-

1988 4025 2085 4097 pto
2115 4034 2321 4096 regno,
2347 4016 2625 4096 misitque
2659 4035 2875 4079 vocare
2905 4036 3106 4080 servos
3130 4017 3266 4079 illos
3295 4017 3369 4080 ad
3400 4019 3634 4099 se,qui-

1986 4107 2097 4168 bus
2126 4105 2376 4167 dederat
2407 4106 2738 4186 pecuniam,
2764 4115 2829 4167 ut
2856 4108 3035 4168 sciret
3064 4120 3350 4187 quantum
3381 4108 3636 4188 quisque

1991 4196 2321 4275 negotiatus
2350 4212 2527 4258 esset.
2566 4198 2739 4259 Venit
2766 4207 2961 4261 autem
2994 4205 3222 4280 primus
3251 4199 3479 4260 dicens:
3510 4201 3635 4262 Do-

1989 4285 2177 4359 mine,
2203 4289 2361 4346 mina
2389 4294 2486 4348 tua
2510 4286 2720 4348 decem
2747 4288 2937 4350 minas
2954 4287 3371 4369 acquisivit.Et
3392 4290 3473 4349 ait
3503 4288 3587 4349 illi
3614 4307 3629 4350 :

1988 4372 2169 4452 Euge,
2188 4375 2325 4435 446
2345 4375 2500 4437 bone
2520 4393 2689 4438 serve
2711 4398 2723 4437 :
2746 4377 2883 4457 quia
2911 4377 2971 4438 in
3007 4378 3253 4439 minimo
3292 4377 3452 4439 fuisti
3486 4377 3635 4437 tide-

254 4472 460 4550 ἒγένου,
493 4472 601 4529 ἴσθι
629 4472 867 4540 ἐξουσίαν
918 4472 1064 4553 ἔχων
1119 4470 1298 4530 ἐπάνω
1356 4472 1477 4530 δέκα
1525 4463 1765 4535 πόλεων.
1813 4480 1903 4535 Καῖ

1993 4463 2088 4553 lis,
2123 4463 2337 4525 habeto
2370 4472 2718 4545 potestatem
2770 4484 2953 4546 super
2993 4467 3196 4528 decem
3244 4467 3535 4529 civitates.
3567 4465 3640 4529 Et

252 4559 413 4627 ἦλθεν
470 4563 498 4617 ὁ
544 4558 780 4642 δεύτερος
826 4560 999 4639 λέγων
1034 4575 1050 4591 ⁸
1112 4562 1290 4641 Κύριε,
1336 4564 1370 4630 ἡ
1429 4567 1535 4637 μνᾶ
1565 4584 1659 4619 σου
1690 4561 1909 4630 ἐποίησε

257 4649 419 4707 πέντε
479 4657 640 4727 μνᾶς.
702 4651 842 4708 Ε’ίπε
899 4648 955 4705 δὲ
1036 4650 1126 4706 καὶ
1194 4655 1362 4726 τούτῳ
1396 4667 1409 4682 ⁶
1491 4653 1587 4709 Καὶ
1646 4652 1709 4707 σύ
1772 4652 1913 4731 γίνου

253 4738 437 4795 ἐπάνω
480 4738 637 4796 πέντε
680 4738 914 4802 πόλεων,
978 4740 1076 4797 Καὶ
1121 4737 1295 4819 ἕτερος
1339 4738 1466 4809 ἦλθε
1516 4738 1686 4817 λέγων
1722 4759 1734 4773 ·
1804 4740 1912 4797 Κύ-

254 4847 358 4906 ριε,
404 4825 511 4884 ἰδοὺ
541 4830 576 4894 ὴ
640 4834 744 4902 μνᾶ
776 4849 894 4901 σου,
939 4826 1007 4895 ἢν
1052 4827 1214 4907 εἶχον
1270 4828 1633 4904 ἀποκειμένην
1682 4828 1735 4883 ἐν
1785 4850 1913 4885 σου·

252 4914 416 4993 δαρίῳ
452 4932 468 4949 ⁸
503 4913 808 4997 ἐιροϐούμην
859 4917 960 4995 γάρ
1012 4938 1093 4989 σε,
1129 4916 1209 4973 ὅτι
1240 4915 1510 4995 ἄνθρωπος
1545 4916 1798 4997 αὐστηρὸς
1832 4917 1909 4993 εἴ,

254 5002 430 5083 αἴρεις
486 5004 514 5060 ὅ
572 5010 668 5065 οὐκ
726 5006 947 5079 ἔθηκας,
1015 5007 1101 5062 καὶ
1145 5007 1359 5085 θερίζεις
1417 5009 1445 5063 ὃ
1505 5007 1600 5063 οὐκ
1642 5006 1912 5085 ἔσπειρας.

258 5096 415 5173 Λέγει
448 5092 504 5150 δὲ
548 5099 691 5171 αὐτῷ
723 5112 738 5128 ⁸
790 5094 887 5151 Ἐκ
927 5101 1019 5151 τοῦ
1064 5095 1329 5171 στόματός
1372 5118 1466 5153 σου
1508 5101 1670 5175 κρινῶ
1701 5117 1785 5171 σε,
1815 5118 1916 5152 πο-

253 5186 388 5261 νηρὲ
421 5182 594 5246 δοῦλε.
628 5184 847 5263 ⁸ᾟδεις,
909 5182 989 5240 ὅτι
1023 5182 1131 5263 ἐγὼ
1179 5183 1445 5265 ἄνθρωπος
1477 5184 1738 5265 αὐστηρός
1782 5186 1912 5261 εἶμι,

258 5270 432 5350 αἴρων
492 5274 520 5328 ὃ
579 5273 669 5330 06v
716 5274 906 5352 ἔθηκα,
965 5274 1053 5330 καὶ
1097 5274 1319 5352 θηρίζων
1363 5274 1391 5330 ὃ
1436 5275 1529 5332 οὒκ
1557 5273 1796 5353 ἔσπειρα,
1829 5276 1918 5333 καὶ

263 5358 351 5417 διὰ
404 5362 457 5418 τί
500 5363 595 5418 οὐκ
646 5361 845 5424 ἔδωκας
905 5363 967 5420 τὸ
1017 5361 1260 5442 ἀργύριόν
1332 5386 1435 5439 μου
1479 5362 1563 5420 ἐπὶ
1618 5364 1915 5442 τράπηζαν,

257 5450 348 5507 καὶ
390 5450 499 5529 εγὼ
527 5450 717 5526 ἐλθὼν,
776 5451 867 5508 σὺν
895 5450 1040 5526 τόκῳ
1081 5450 1145 5507 ἂν
1191 5451 1390 5531 ἔπραξα
1438 5452 1564 5509 αὐτό
1598 5470 1616 5531 ;
1672 5452 1771 5510 Καὶ
1800 5464 1916 5518 τοῖς

338 5618 400 5669 97
432 5618 589 5683 Psal.
630 5635 695 5695 ιι,
732 5619 803 5681 18

1992 4552 2142 4613 alter
2196 4554 2355 4615 venit
2407 4554 2653 4614 dicens:
2688 4554 2965 4636 Domine,
3026 4556 3185 4617 mina
3234 4565 3332 4620 tua
3381 4555 3644 4618 confecit

1995 4641 2257 4722 quinque
2297 4643 2508 4703 minas.
2534 4643 2610 4706 Et
2638 4644 2774 4705 huic
2821 4644 2901 4705 ait
2942 4664 2955 4709 :
2990 4644 3060 4706 Et
3084 4652 3142 4707 tu
3168 4646 3484 4727 praefectus
3514 4655 3641 4707 esto

1996 4729 2257 4810 quinque
2287 4730 2880 4795 civitatibus.Etalius
2913 4734 3332 4798 venitdicens:
3364 4736 3641 4812 Domine,

1999 4837 2140 4881 ecce
2173 4819 2332 4881 mina
2362 4828 2459 4882 tua
2483 4839 2659 4901 quam
2704 4821 2879 4884 habui
2908 4824 3231 4903 repositam
3269 4829 3326 4886 in
3358 4823 3594 4886 sudario
3622 4843 3638 4887 :

1999 4908 2167 4968 timui
2210 4909 2369 4971 enim
2417 4917 2499 4985 te,
2549 4911 2707 4991 quod
2762 4912 2939 4973 homo
2986 4923 3259 4976 austerus
3315 4913 3444 4976 sis:
3483 4914 3642 4975 tollis

1999 4998 2156 5078 quod
2186 5017 2307 5061 non
2340 5001 2610 5080 posuisti,
2646 5008 2705 5062 et
2734 5002 2908 5065 metis
2955 5002 3112 5083 quod
3165 5022 3281 5065 non
3313 5003 3643 5065 seminasti.

2000 5087 2152 5149 Dicit
2185 5088 2281 5151 ei:
2329 5086 2413 5149 De
2457 5107 2562 5151 ore
2616 5097 2713 5150 tuo
2765 5097 2821 5152 te
2870 5090 3177 5170 judicabo,
3239 5110 3409 5154 serve
3464 5092 3641 5156 male.

2000 5176 2242 5241 Sciebas
2272 5178 2428 5260 quod
2456 5196 2564 5255 ego
2589 5179 2767 5240 homo
2800 5188 3072 5241 austerus
3102 5180 3460 5255 sim,tollens
3490 5182 3641 5262 quod

2002 5290 2118 5335 non
2179 5270 2371 5350 posui,
2421 5277 2478 5330 et
2522 5277 2754 5330 metens
2800 5268 2957 5349 quod
3017 5287 3135 5331 non
3189 5270 3483 5334 seminavi
3522 5292 3537 5333 :
3586 5283 3647 5335 ct

2002 5378 2184 5444 quare
2213 5376 2332 5421 non
2364 5356 2581 5421 dedisti
2603 5358 2915 5438 pecuniam
2952 5376 3142 5420 meam
3172 5359 3245 5420 ad
3277 5378 3568 5442 mensam,
3588 5371 3648 5424 et

2002 5469 2114 5529 ego
2135 5450 2383 5512 veniens
2408 5465 2542 5511 cum
2568 5447 2765 5529 usuris
2788 5446 2996 5529 utique
3012 5448 3340 5528 exegissem
3361 5449 3552 5513 illam?
3579 5449 3652 5516 Et
