4126 6282
542 332 691 399 1027

1504 330 2100 404 THEOPHYLACTI
2146 326 2557 395 BULGARLE
2601 326 2958 397 ARCHIEP.

3777 336 3796 396 l
3810 332 3915 397 028

458 498 467 511 ί
541 471 875 535 astantibus
897 471 1310 534 dixitzAuferte
1341 471 1415 532 ab
1443 471 1539 533 illo
1574 471 1819 551 minam,
1846 479 1903 531 et
1935 470 2072 532 date
2105 468 2162 529 ill

2273 469 2603 546 παρεστῶσιν
2642 474 2795 528 εἶπεν
2832 492 2845 505 ·
2881 460 3089 551 ’Ἄρατε
3146 470 3238 528 ἀπ’
3300 471 3458 530 αὒτοῦ
3487 471 3585 539 τὴν
3616 477 3777 547 μνᾶν,
3838 473 3916 527 καὶ

537 561 632 640 qui
664 560 868 622 decem
899 561 1088 622 minas
1115 562 1317 624 habet.
1361 562 1430 622 Et
1471 560 1743 621 dixerunt
1774 561 1827 620 ei
1864 579 1876 623 :
1912 558 2185 638 Domine,

537 652 709 710 habet
735 650 942 712 decem
979 651 1189 712 minas.
1225 649 1365 711 Dico
1417 648 1601 719 vobis,
1655 648 1808 729 quod
1861 649 2024 709 omni
2077 650 2184 709 ha-

537 738 697 802 benti
739 739 996 811 dabitur,
1045 740 1117 799 ab
1154 758 1221 800 eo
1254 748 1450 800 autem
1484 739 1581 818 qui
1618 746 1732 798 non
1769 736 1965 809 habet,
2005 737 2182 797 etiam

533 828 686 907 quod
722 826 1413 907 habet,auferetur.Quin
1446 827 1721 887 inimicos
1742 844 1906 885 meos
1926 826 2058 886 illos
2080 826 2180 906 qui

536 916 853 985 noluerunt
878 937 970 978 me
1011 936 1264 995 regnare
1295 936 1474 996 super
1494 935 1580 990 se,
1617 915 1913 995 adducite,
1952 917 2089 988 huc,
2124 924 2182 977 et

533 1006 846 1067 interficite
893 1015 1028 1066 ante
1081 1026 1195 1068 me.
1259 1005 1326 1066 Et
1378 1006 1471 1067 his
1524 1004 1694 1065 dictis
1746 1004 1863 1064 ibat
1927 1023 2179 1084 pergens

530 1095 854 1157 ascendere
918 1093 1405 1174 Hierosolymam.
1458 1120 1481 1149 »
1538 1093 1678 1155 Cum
1747 1095 2045 1155 rediturus
2092 1102 2179 1156 est

531 1184 799 1246 Christus
829 1202 1152 1261 generosus
1182 1185 1282 1244 ille
1305 1183 1706 1244 etsecundum
1734 1184 2053 1242 humanam
2076 1202 2177 1243 na-

532 1280 826 1346 turam,ex
858 1274 1021 1351 regio
1051 1276 1207 1334 enim
1239 1292 1456 1351 genere
1481 1271 2182 1345 descenditDominus,et

530 1362 861 1422 secundum
893 1362 1300 1433 divinam,hoc
1327 1362 1505 1430 est,in
1539 1361 1801 1421 secundo
1823 1362 1945 1437 ejus
1967 1362 2182 1422 adven-

531 1459 613 1529 tu,
650 1451 886 1528 quando
917 1450 1226 1530 apparebit
1270 1471 1367 1510 uox
1426 1468 1560 1511 cum
1620 1450 1847 1529 angelis
1892 1450 1950 1509 in
1993 1450 2181 1527 gloria

529 1538 713 1599 Patris
752 1539 1010 1604 veniens.
1050 1550 1108 1600 et
1147 1558 1325 1600 omne
1368 1558 1521 1618 genu
1568 1540 1844 1600 ﬂectetur
1892 1539 1945 1598 ei
1982 1557 1995 1600 :
2040 1547 2181 1599 tunc

526 1648 668 1690 sane
697 1629 767 1690 ad
802 1631 1087 1690 rationem
1141 1630 1354 1707 adiget,
1407 1648 1509 1689 eos
1562 1629 1660 1709 qui
1713 1628 1868 1688 dona
1921 1646 2175 1707 accepe-

2273 554 2390 612 δότε
2444 565 2520 633 τῷ
2576 560 2670 624 τὰς
2727 558 2851 616 δέκα
2912 565 3044 635 μνάς
3089 560 3295 641 ἔχοντι,
3363 563 3459 618 Καὶ
3514 561 3673 617 εἷπον
3734 562 3911 634 αὖτῷ·

2273 646 2451 727 Κύριε,
2504 644 2629 703 δέκα
2685 654 2820 723 μνᾶς
2878 648 3022 728 ἔχει.
3085 649 3237 728 Λέγω
3293 651 3444 729 ὕμιν,
3511 651 3591 705 ὃτι
3637 649 3797 705 παντὶ
3853 652 3921 720 τῷ

2269 731 2450 813 ἔχοντι
2510 733 2812 810 δοθήσεται,
2902 737 3007 793 ἀπὸ
3082 735 3136 793 δὲ
3190 747 3283 796 τοῦ
3328 738 3403 813 μὴ
3462 737 3710 817 ἔχοντος,
3759 738 3852 793 καὶ
3898 738 3921 793 ὃ

2267 820 2409 902 ἔχει,
2467 823 2750 903 ἀρθήσεται
2793 826 2885 882 ἀπ’
2950 826 3129 887 αὖτοῦ.
3192 826 3339 894 Πλὴν
3396 830 3517 888 τοὺς
3562 827 3787 906 ἐχθρούς
3830 849 3920 901 μου

2264 910 2488 976 ἐκεῖνους
2549 915 2672 970 τοὺ)
2743 915 2821 989 μὴ
2917 914 3241 984 θελήσαντάς
3315 937 3380 990 με
3451 914 3758 992 βασιλεῦσαι
3837 915 3915 970 ἐπ’

2264 1001 2468 1074 αὐτοῖς,
2528 1001 2752 1080 ἀγάγετε
2828 1001 2955 1083 ὧδε,
3043 1007 3131 1060 καὶ
3185 1003 3551 1084 κατασφάξατε
3622 1004 3913 1081 ἔμπροσθέν

2262 1110 2383 1163 μου.
2449 1091 2545 1147 Καὶ
2604 1092 2766 1147 εἰπὼν
2826 1101 3011 1165 ταῦτα,
3081 1091 3359 1172 ἐπορεύετο
3402 1092 3714 1171 ἔμπροσθεν,
3781 1093 3910 1147 ἀνα-

2260 1175 2452 1235 ϐαίνων
2524 1180 2597 1242 εἰς
2688 1171 3054 1257 Ἱεροσόλυμα.
3115 1204 3143 1237 ι
3186 1171 3316 1238 ίἘν
3369 1189 3445 1255 τῷ
3508 1172 3910 1261 ’ἐπανέρχεσθαι

2262 1267 2441 1337 αὐτὸν,
2476 1270 2502 1323 6
2560 1271 2781 1347 Χριστὸς
2840 1272 2867 1325 ὁ
2926 1271 3168 1348 εὐγενὴς,
3230 1275 3317 1327 καὶ
3375 1273 3509 1329 κατὰ
3550 1273 3611 1326 τὸ
3653 1271 3912 1350 ἀνθρώπι-

2263 1375 2373 1428 νον,
2430 1354 2489 1411 ἐκ
2544 1356 2821 1434 βασιλικοῦ
2887 1360 2986 1440 γὰρ
3053 1359 3236 1437 γένους
3289 1362 3553 1437 κατήγετο
3609 1362 3637 1416 6
3698 1361 3909 1439 Κύριος,

2262 1447 2349 1500 καὶ
2404 1448 2542 1503 κατά
2583 1449 2644 1503 τὸ
2700 1451 2867 1528 θεῖον,
2913 1448 3206 1525 τουτέστιν,
3253 1449 3306 1505 ἐν
3366 1454 3434 1525 τῇ
3492 1447 3702 1528 δευτέρᾳ
3762 1451 3915 1507 αὗτοῦ

2262 1531 2487 1609 ἐλεύσει,
2551 1533 2639 1591 ὅτε
2684 1538 2976 1615 φανήσεται
3021 1538 3266 1614 βασιλεὺς
3311 1540 3445 1614 μετά
3514 1543 3618 1592 τῶν
3670 1535 3913 1616 ἀγγέλων

2263 1621 2316 1676 ἐν
2358 1630 2426 1700 τῇ
2489 1622 2613 1700 δόξῃ
2663 1636 2754 1685 τοῦ
2825 1629 3028 1706 [ἰατρὸς
3106 1628 3423 1708 ἐρχόμενος,
3483 1628 3568 1683 καὶ
3621 1633 3726 1683 πᾶν
3788 1627 3911 1705 γόνυ

528 1727 685 1791 runt,
724 1728 779 1778 et
810 1719 1144 1779 invenietur
1172 1737 1323 1779 unus
1356 1720 1592 1791 quidem
1635 1717 1834 1778 multis
1862 1717 2167 1798 profuisse,

2259 1711 2461 1786 κάμψει
2521 1713 2684 1788 αὐτῷ,
2724 1717 2845 1771 τότε
2888 1714 2953 1782 δὴ
3006 1717 3125 1773 τότε
3184 1718 3272 1773 καὶ
3328 1718 3450 1780 τοὺς
3490 1717 3555 1772 τὰ
3596 1716 3909 1795 χαρίσματα

528 1817 584 1868 et
619 1808 1023 1886 decuplicasse
1057 1808 1301 1875 donum,
1334 1807 1481 1867 alius
1504 1816 1701 1867 autem
1739 1807 2028 1885 profuisse
2049 1807 2167 1886 qui-

2255 1797 2562 1875 δεξαμένους
2652 1801 2864 1867 δούλους
2956 1803 3307 1884 λογοπραγεϊ,
3382 1808 3469 1861 καὶ
3554 1805 3902 1881 εὑρίσκονται,

525 1896 659 1958 dem
694 1907 749 1956 et
779 1897 930 1976 ipse,
966 1896 1068 1957 sed
1106 1895 1483 1975 paucioribus
1517 1895 1850 1975 profuisse:
1885 1895 2035 1955 alius
2061 1913 2167 1955 au-

2253 1891 2280 1944 6
2326 1889 2421 1964 μὲν
2481 1889 2711 1956 πολλοὺς
2771 1892 3075 1971 ὠφελήσας,
3123 1895 3209 1950 καὶ
3238 1892 3660 1957 δεκαπλασιάσας
3694 1895 3755 1948 τὸ
3789 1894 3903 1972 χεέ-

525 1994 638 2047 tem
675 1986 898 2047 nemini
932 1986 1245 2065 profuisse,
1278 1987 1379 2046 sed
1409 1985 1693 2064 ignaviter
1712 1984 2051 2044 transivisse
2072 2003 2167 2045 ne-

2252 1998 2439 2065 ρισμα,
2497 1983 2524 2036 6
2582 1978 2637 2036 δὲ
2682 1981 2965 2061 ὠφελήσας
3017 1984 3113 2059 μὲν
3166 1986 3253 2040 καὶ
3296 1986 3475 2058 αὐτὸς,
3523 1982 3771 2046 ἐλάττους
3823 1981 3900 2053 δὲ,

521 2075 857 2154 gotiationis
893 2064 1147 2154 tempus.
1176 2064 1431 2134 Proinde
1458 2073 1557 2153 qui
1590 2073 1978 2152 decuplicavit
2010 2073 2166 2153 quod

2251 2068 2277 2121 6
2326 2064 2379 2122 δὲ
2439 2066 2561 2143 μήδ’
2619 2068 2757 2133 ὅλως
2814 2070 3097 2150 ὠφελήσας
3141 2073 3281 2152 τινὰ,
3314 2071 3433 2129 ἀλλ’
3466 2072 3519 2127 ἐν
3548 2070 3773 2149 ῥαθυμίᾳ
3801 2068 3901 2125 δα·-

521 2174 852 2244 acceperat,
886 2183 1066 2243 super
1100 2164 1306 2225 decem
1339 2163 1605 2224 civitates
1635 2163 2034 2235 constituitur,
2059 2163 2167 2223 hoc

2252 2158 2497 2244 πανήσας
2557 2159 2646 2215 τὸν
2697 2162 2881 2239 καιρὸν
2938 2166 3034 2228 τῆς
3109 2163 3496 2239 πραγματείας,
3570 2163 3663 2217 Διὸ
3721 2163 3748 2215 ὸ
3809 2160 3903 2235 μὲν

520 2262 628 2331 est,
668 2240 1060 2333 imultipliccs
1115 2253 1540 2313 retributiones
1588 2251 1803 2331 accipit
1847 2270 1859 2313 :
1907 2260 1964 2311 et
2019 2251 2167 2311 alius

2252 2240 2677 2311 δεκαπλασιάσας
2745 2249 2772 2303 ὃ
2819 2247 3025 2322 ἔλαϐεν,
3095 2249 3273 2306 ἐπάνω
3330 2248 3454 2306 δέκα
3508 2248 3716 2307 πόλεων
3772 2250 3906 2306 καθ-

519 2330 803 2420 deinceps
847 2330 1010 2421 juxta
1061 2361 1225 2402 suam
1279 2341 1488 2421 recipit
1531 2330 2001 2420 proportionem.
2057 2339 2165 2412 Qui

2252 2330 2477 2412 ίσταται,
2540 2334 2831 2413 τουτέστιν,
2887 2336 3065 2417 ἀρχὴν
3122 2336 3245 2394 δέκα
3304 2336 3510 2394 πόλεων
3561 2334 3845 2411 λαμϐάνει,
3878 2336 3905 2389 ὃ

516 2441 709 2493 autem
745 2420 889 2492 nihil
922 2434 1179 2492 lucratus
1210 2431 1335 2503 fuit,
1374 2420 2164 2491 condetnnatur.Videamus

2251 2420 2386 2501 ἐστι,
2445 2421 2874 2489 πολλαπλασίους
2947 2428 3048 2489 τὰς
3104 2424 3327 2501 ἀμοιϐὰς
3395 2424 3631 2506 δέχεται,
3708 2426 3808 2482 Καὶ
3877 2425 3902 2478 ὁ

516 2530 708 2581 autem
744 2529 801 2582 et
831 2520 970 2600 quid
1001 2520 1157 2581 dicat
1190 2538 1203 2581 :
1240 2520 1514 2591 Domine,
1541 2536 1681 2579 ecce
1716 2518 1871 2577 mina
1907 2528 2021 2587 tua,
2057 2537 2160 2579 ac-

2251 2508 2434 2588 ἐιρεξῆς
2477 2514 2612 2568 κατά
2671 2513 2773 2600 την
2824 2513 3132 2593 ἀναλογίαν,
3197 2506 3253 2573 Ὀ
3298 2512 3353 2569 δὲ
3395 2516 3562 2591 μηδὲν
3616 2511 3893 2591 κερδάνας,

518 2610 648 2688 cipe
683 2591 1023 2683 eam,habui
1052 2608 1207 2669 enim
1231 2608 1397 2668 istam
1427 2608 1485 2668 in
1506 2607 1742 2667 sudario
1766 2606 2157 2668 reconditam.

2251 2601 2644 2678 κατακρίνεται,
2705 2591 2943 2677 ’Ἱδωμεν
3003 2591 3057 2659 δὲ
3113 2605 3200 2660 καὶ
3243 2604 3292 2659 τί
3334 2625 3461 2684 φησι
3496 2621 3510 2634 ·
3562 2604 3737 2681 Κύριε,
3785 2600 3890 2658 ἰδοὺ

521 2687 805 2759 Dominus
840 2708 1105 2758 mortuus
1136 2697 1373 2757 sudario
1409 2695 1702 2756 involutus
1734 2696 1861 2768 fuit,
1896 2705 1948 2755 et
1978 2696 2159 2757 Laza-

2251 2687 2278 2753 ἣ
2337 2695 2443 2761 μνᾶ
2488 2712 2603 2765 σου,
2659 2687 2787 2746 λάϐε
2830 2690 3026 2758 ταύτην
3061 2709 3074 2722 ⁹
3124 2692 3285 2771 εἶχον
3327 2693 3427 2771 γὰρ
3454 2693 3647 2759 ταύτην
3678 2693 3733 2747 ἐν
3762 2713 3886 2748 σου·

514 2786 564 2846 ri
598 2785 774 2846 facies
806 2786 864 2845 in
896 2787 1169 2865 sepulcro
1197 2785 1432 2845 sudario
1459 2784 1729 2846 obvoluta
1752 2784 1921 2844 fuit98
1951 2784 2157 2845 Merito

2251 2771 2404 2855 δαρίῳ
2458 2778 2848 2855 ἀποκειμένην.
2910 2788 3092 2858 Νεκρῷ
3148 2780 3258 2837 ὄντι
3290 2788 3365 2855 τῷ
3407 2782 3578 2860 Κυρίῳ
3619 2777 3883 2859 σουδάριον

513 2874 691 2953 igitur
740 2874 981 2952 ignavus
1033 2874 1134 2934 ille
1186 2873 1242 2933 in
1294 2873 1531 2935 sudario
1565 2872 1752 2952 inquit
1788 2874 2156 2934 reconditum

2251 2865 2543 2944 περιετέθη,
2604 2869 2691 2926 καὶ
2758 2877 2849 2926 τοῦ
2920 2870 3160 2950 Λαζάρου
3212 2870 3264 2927 ἐν
3321 2877 3397 2945 τῷ
3451 2871 3603 2949 τάφῳ
3667 2872 3702 2938 ἡ
3768 2869 3881 2944 ὄψις

517 2963 697 3024 fuisse
755 2965 999 3024 donum.
1036 2964 1324 3023 Mortuum
1388 2963 1547 3023 enim
1602 2961 1741 3022 illud
1803 2961 2045 3036 fecerat,
2105 2971 2163 3023 et

2251 2953 2502 3033 σουδαρίῳ
2598 2958 3041 3037 περιεκαλύπτετο
3080 2980 3093 2993 ο
3184 2961 3398 3025 εἰκότως
3498 2960 3585 3015 οὖν
3672 2961 3878 3037 ὀκνηρὸς

512 3053 810 3132 inefﬁcax,
839 3072 953 3113 non
986 3052 1285 3131 evolvens,
1322 3070 1513 3130 neque
1543 3050 1772 3112 lucrum
1802 3051 2162 3113 faciens.Ti-

2251 3044 2399 3108 οὗτος
2459 3044 2714 3126 σουδαρίῳ
2784 3050 2947 3128 φησὶν
3003 3049 3335 3106 ἐναποθετναι
3387 3051 3448 3105 τὸ
3506 3050 3744 3128 χάρισμα
3792 3069 3879 3104 νε-

517 3142 754 3204 mebam
781 3142 941 3202 enim
967 3141 1412 3221 te,inquit,quia
1453 3140 1608 3202 tollis
1629 3140 1785 3220 quod
1815 3161 1930 3200 non
1956 3143 2163 3221 pcsui-

2251 3135 2372 3212 κρὸν
2457 3136 2557 3214 γὰρ
2643 3139 2799 3195 αὐτὸν
2870 3139 3099 3207 ποιήσας
3165 3139 3255 3194 καὶ
3345 3137 3719 3217 ἀνενέργητον,
3801 3139 3889 3194 οὐκ

515 3230 792 3294 sti.Talia
823 3230 992 3291 multi
1015 3228 1655 3310 praetexunt.Nolentes
1679 3228 1840 3290 enim
1874 3229 2008 3291 ullis
2034 3248 2165 3310 pro-

2251 3222 2679 3305 ἐπεξειργάσασο,
2763 3225 2877 3283 οὑδὲ
2956 3227 3295 3307 κεκέρδηκεν.
3388 3225 3724 3307 Ἐφοϐούμην
3795 3227 3893 3304 γάρ

512 3322 710 3393 desse,
756 3320 958 3382 dicunt
990 3337 1005 3382 :
1040 3318 1151 3381 Ubi
1205 3338 1322 3380 non
1371 3318 1680 3380 seminavit
1731 3321 1888 3381 Deus
1946 3317 2160 3381 bonam

510 3411 768 3472 indolem
801 3419 859 3472 et
887 3409 1303 3489 aptitudinem,
1339 3410 1501 3470 illinc
1550 3426 1626 3470 ne
1676 3408 1946 3489 requires
1995 3428 2159 3471 mes-

508 3518 657 3561 sem.
695 3498 865 3561 Illum
929 3517 1046 3558 non
1102 3497 1241 3559 fecit
1295 3497 1679 3575 industrium,
1714 3508 1769 3558 et
1812 3498 1883 3558 ad
1931 3497 2158 3559 doctri-

510 3607 645 3650 nam
667 3587 972 3662 idoneum,
1008 3596 1064 3648 et
1094 3587 1233 3667 quid
1257 3606 1290 3647 a
1322 3605 1415 3647 me
1443 3585 1698 3664 exigitur
1729 3595 1795 3646 ut
1841 3586 1983 3648 inde
2028 3587 2156 3649 fru-

509 3687 664 3739 ctum
694 3675 1163 3739 faciamﬂdcirco
1188 3675 1476 3737 Dominus
1493 3674 1752 3738 dicitz'l‘u
1785 3675 2021 3757 duce,et
2047 3677 2155 3738 de-

508 3786 659 3848 pone
678 3765 985 3845 pecuniam
1005 3782 1193 3825 meam
1218 3764 1371 3844 apud
1397 3764 1865 3844 mensarios,hoc
1887 3782 1942 3826 e.-
1958 3766 2158 3845 t,apud

509 3874 717 3917 omnes
732 3853 1129 3933 homines,qui
1155 3853 1435 3933 propositi
1455 3860 1588 3913 sunt
1607 3861 1666 3912 ut
1689 3852 2013 3933 percipiant
2037 3855 2159 3914 utili

508 3942 924 4007 tatem.0mnis
942 3942 1101 4003 enim
1118 3942 1293 4002 homo
1319 3940 1692 4003 mensariusa
1712 3941 1831 4003 Deo
1851 3943 2162 4004 ordinatus

506 4033 641 4093 447
667 4041 861 4112 est,ut
896 4031 955 4092 in
996 4030 1173 4111 hujus
1207 4031 1411 4092 mundi
1461 4031 1697 4092 officina
1732 4050 1940 4111 magna
1973 4052 2159 4111 nego-

507 4126 797 4189 cietur.Et
824 4142 931 4203 ego
954 4127 1196 4185 veniens
1218 4124 1544 4202 exegissem
1575 4122 1746 4198 illud,
1770 4124 1879 4185 hoc
1912 4132 2019 4198 est,
2056 4143 2159 4186 re-

507 4216 989 4296 petiissem,cum
1025 4231 1229 4274 usura.
1263 4210 1505 4293 Oportet
1543 4212 1717 4289 igitur
1759 4220 1818 4273 et
1862 4230 1969 4273 nos
2000 4214 2179 4294 quod

507 4313 772 4365 nostrum
798 4312 887 4365 est
907 4301 1281 4363 facerezalios
1314 4311 1508 4362 autem
1534 4300 1818 4362 Dominus
1835 4302 2148 4385 judicabit,

2246 3333 2328 3387 σε,
2391 3316 2579 3395 φησὶν,
2623 3314 2703 3372 ὅτι
2748 3316 2920 3394 αἴρεις
2967 3319 2995 3373 ὃ
3039 3322 3133 3376 οὒκ
3162 3316 3376 3383 ἔθηκας.
3436 3324 3663 3375 Τοιαῦτα
3710 3313 3893 3372 πολλοί

2244 3404 2659 3485 προφασίζονται,
2685 3423 2703 3438 ο
2765 3406 2842 3479 μὴ
2915 3404 3154 3470 θέλοντες
3225 3407 3324 3485 γὰρ
3385 3403 3659 3484 ὠφελῆσαι
3718 3425 3887 3476 τινας,

2243 3491 2421 3572 φασίν,
2481 3491 2562 3547 ὅτι
2623 3482 2806 3551 υΟπου
2866 3494 2962 3550 οὐκ
3004 3493 3294 3574 ἔσπειρενέ
3341 3496 3470 3556 Θεὸς
3502 3492 3743 3571 εὐφυΐαν,
3802 3493 3887 3548 καὶ

2242 3578 2676 3661 ἐπιτηδειότητα,
2764 3585 2967 3641 ἐκεῖθεν
3022 3584 3102 3659 μὴ
3158 3585 3303 3655 ζήτει
3364 3584 3534 3663 θέρος.
3595 3584 3695 3639 Τὸν
3744 3580 3888 3638 δεινά

2242 3669 2335 3725 οὐκ
2390 3668 2637 3736 ἐποίησεν
2691 3674 2850 3751 εὐφυᾶ
2905 3674 2992 3728 καὶ
3061 3674 3192 3751 πρὸς
3278 3674 3505 3749 μάθησιν
3562 3671 3885 3749 ἐπιτήδειον,

2242 3759 2329 3813 καὶ
2382 3759 2432 3813 τί
2479 3779 2546 3833 με
2599 3759 2823 3817 ἀπαιτεῖ
2894 3763 2992 3829 τὴν
3047 3761 3247 3821 ἐκείνου
3302 3760 3608 3842 ὠφέλειανς
3675 3765 3770 3816 Διὸ
3801 3761 3889 3816 καὶ

2242 3848 2269 3902 6
2338 3847 2525 3925 Κύριός
2611 3871 2740 3929 φησι
2775 3867 2790 3881 ⁸
2890 3851 2960 3907 Τὺ
3026 3848 3250 3927 δίδαξον,
3340 3853 3427 3907 καὶ
3492 3846 3754 3910 τατάϐαλε
3827 3850 3888 3905 τὸ

2244 3935 2486 4015 ἀργύριόν
2545 3961 2648 4013 μου
2706 3953 2822 4003 τοῖς
2866 3942 3226 4020 τραπεζίταις,
3273 3940 3533 4015 τουτέστι,
3593 3945 3722 3996 πᾶσι
3774 3952 3891 4003 τοῖς

2244 4028 2374 4104 πρὸς
2406 4027 2468 4082 τὸ
2512 4025 2835 4107 ὠφελεῖσθαι
2888 4028 3253 4107 προκειμένοις
3293 4030 3604 4100 ἀνθρώποις.
3638 4034 3745 4092 Πᾶς
3790 4030 3890 4107 γὰρ

2244 4114 2509 4192 ἄνθρωπος
2572 4118 2888 4196 τραπεζίτης
2936 4121 3037 4175 ὑπὸ
3083 4126 3213 4175 Θεοῦ
3242 4119 3692 4199 προκεχείρισται,
3751 4119 3888 4174 ὥστε

2240 4204 2296 4260 ἐν
2353 4213 2429 4279 τῷ
2486 4206 2708 4285 μεγάλῳ
2752 4212 2842 4265 τοῦ
2883 4217 3089 4284 κόσμου
3131 4210 3314 4265 τούτω
3372 4209 3699 4287 ἐργαστηρίῳ
3754 4230 3887 4286 πρα-

2238 4298 2607 4374 γματεύεσθαι.
2659 4301 2756 4357 Καὶ
2798 4299 2905 4378 ἐγὼ
2961 4298 3147 4374 ἐλθών,
3181 4298 3376 4380 ἔπραξα
3406 4298 3466 4355 ἂν
3517 4301 3665 4378 αὐτὸ,
3722 4321 3883 4357 τουτ-

503 4394 552 4455 si
588 4391 1211 4455 noluerintutilitatem
1248 4390 1388 4452 inde
1413 4389 2003 4471 percipere.'l‘ollitur
2036 4381 2150 4470 igi¥

2251 4385 2398 4466 ἐστιν,
2432 4385 2686 4463 ἀπῄτησα
2717 4391 2808 4444 σὺν
2837 4389 3001 4461 τόκῳ,
3037 4398 3133 4445 Δεῖ
3164 4389 3261 4464 μὲν
3290 4389 3389 4468 γὰρ
3418 4390 3561 4464 ἡμᾶς
3590 4389 3652 4443 τὸ
3682 4389 3882 4445 οἰκεῖον

505 4492 601 4546 tur
631 4483 877 4561 donum,
914 4489 970 4541 et
991 4480 1167 4541 datur
1205 4479 1359 4540 bono
1393 4478 1919 4557 negotiatori.Nam
1956 4480 2154 4541 licetis

2251 4489 2435 4556 ποιεῖν,
2497 4480 2614 4555 περὶ
2667 4477 2720 4533 δὲ
2775 4484 2879 4534 τῶν
2941 4478 3247 4554 μετέπειτα,
3287 4481 3413 4543 Θεὸς
3450 4478 3625 4556 κρινεῖ
3651 4479 3770 4538 τοὺς
3802 4478 3880 4552 μὴ

504 4572 737 4645 habeat,
774 4578 1013 4651 propter
1059 4569 1209 4629 istud
1261 4570 1453 4647 ipsum
1505 4577 1697 4629 tamen
1745 4568 1932 4647 magis
1979 4570 2156 4631 debet

2251 4563 2565 4631 δελτέσαντας
2623 4565 2987 4647 ὠφεληθῆναι.
3064 4566 3279 4646 Αἵρεται
3354 4566 3441 4623 οὖν
3498 4568 3558 4623 τὸ
3611 4565 3878 4646 χάρισμα,

507 4663 676 4743 plura
694 4660 993 4739 accipere.
1027 4658 1278 4720 Habenti
1306 4658 1463 4717 enim
1499 4658 1757 4739 dabitur,
1798 4660 1905 4718 hoc
1960 4667 2068 4740 est,
2102 4664 2157 4722 ei

504 4751 603 4831 qui
636 4769 705 4810 θλ
735 4747 1133 4827 negotiatione
1164 4747 1300 4807 boni
1336 4746 1515 4806 multa
1554 4745 1812 4808 lucratus
1844 4747 2040 4829 fuerit,
2072 4745 2157 4810 illi

503 4839 740 4901 dabitur
772 4845 830 4898 et
856 4834 1131 4914 amplius.
1165 4833 1308 4895 Nam
1340 4836 1387 4895 si
1423 4852 1597 4912 parva
1625 4837 1683 4895 in
1726 4835 1979 4916 decupla
2018 4838 2159 4899 fecit

503 4944 796 5001 crescere,
827 4925 1201 4986 manifestum
1233 4923 1390 5003 quod
1431 4934 1488 4985 et
1535 4924 1701 5004 plura
1730 4926 2150 5008 dccuplirabit,

2242 4656 2329 4709 καὶ
2379 4653 2573 4711 δίδοται
2632 4659 2708 4730 τῷ
2750 4656 2929 4735 ἀγαθῷ
2985 4665 3365 4736 πραγματευτῇ
3395 4673 3407 4686 ⁸
3461 4656 3559 4715 κᾶν
3606 4663 3707 4737 γὰρ
3750 4657 3881 4737 ἔχῃ.

2242 4741 2445 4818 μᾶλλον
2505 4742 2577 4799 δι’
2638 4745 2764 4801 αὐτὸ
2808 4753 2961 4802 τοῦτο
3016 4746 3210 4825 ὀφείλει
3240 4744 3407 4802 πλείω
3436 4745 3783 4823 προσλαϐεῖν.
3812 4749 3886 4804 Τὸ

2237 4834 2336 4911 γὰρ
2380 4832 2562 4912 ἔχοντι
2620 4832 2922 4910 δοθήσεται,
2986 4835 3249 4916 τουτέστι,
3313 4841 3392 4910 τῷ
3445 4835 3503 4892 ἐκ
3559 4843 3649 4892 τοῦ
3706 4835 3885 4900 καλῶς

2235 4922 2737 5000 πραγματεύσασθαι
2795 4923 3010 4980 πολλῶν
3069 4926 3441 5005 εἰπορήσαντι,
3495 4925 3680 4997 ἐκείνῳ
3720 4923 3885 4995 δοθή-

503 5017 749 5097 majoris
777 5013 925 5076 lucri
950 5023 1154 5074 auctor
1186 5013 1425 5075 domino
1457 5014 1711 5077 futurus.
1734 5014 1783 5074 A
1816 5014 2150 5092 negligente

2251 5031 2379 5065 πεται
2439 5012 2526 5065 καὶ
2584 5010 2775 5076 πλείω,
2831 5014 2886 5069 Ei
2944 5014 3041 5091 γὰρ
3070 5015 3133 5070 τὰ
3191 5013 3341 5093 ὀλίγα
3383 5013 3580 5081 ηύξησε
3606 5012 3880 5071 δεκαπλα-

502 5118 696 5169 autem
732 5114 792 5168 et
825 5105 1120 5181 ignavo,et
1151 5102 1247 5164 cui
1282 5122 1397 5163 non
1431 5111 1518 5165 est
1542 5102 1803 5164 studium
1830 5112 2147 5168 utcrescat

2251 5100 2442 5175 πιάσας,
2529 5099 2793 5181 πρόδηλον
2870 5101 2949 5159 ὅτι
3034 5104 3100 5160 τὰ
3182 5102 3346 5160 πλείω
3416 5102 3875 5181 δεκαπλασιάζων,

503 5209 559 5258 et
601 5204 889 5276 augeatur
917 5192 1075 5274 quod
1113 5201 1443 5271 acceperat,
1490 5202 1546 5253 et
1581 5192 1729 5252 istuc
1762 5192 1956 5271 ipsum
1990 5196 2147 5275 quod

2251 5187 2469 5253 πλείονος
2512 5188 2725 5271 κέρδους
2783 5192 3030 5268 πρόξενος
3091 5197 3168 5265 τῷ
3212 5190 3447 5270 δεσπότῃ
3478 5192 3678 5255 ἔσεται.
3738 5194 3877 5250 Ἀπὸ

503 5287 680 5348 habet
710 5284 1039 5354 tolletur,ut
1091 5300 1167 5344 ne
1215 5300 1313 5344 res
1358 5281 1657 5344 dominica
1700 5281 1919 5343 frustra
1955 5293 2141 5361 vacet,

2229 5275 2284 5334 δὲ
2338 5276 2566 5354 ἀμελοῦς
2624 5281 2711 5337 καὶ
2740 5282 2987 5361 ὁκνηροῦ,
3032 5284 3119 5339 καὶ
3165 5283 3242 5358 μὴ
3273 5281 3493 5351 αὐξῆσαι
3536 5281 3874 5339 σπουδάσαν-

501 5395 631 5456 quae
656 5374 783 5437 dari
806 5380 999 5454 potest
1028 5372 1223 5452 alteri,
1255 5380 1312 5432 et
1346 5368 1889 5453 multiplicariﬂaac
1914 5393 2028 5434 non
2054 5393 2147 5435 so-

2251 5390 2316 5432 τος
2376 5369 2402 5422 ὃ
2451 5366 2629 5445 ἔλαϐε,
2678 5373 2764 5427 καὶ
2797 5373 2922 5428 αὐτὸ
2947 5370 3146 5451 ἐκεῖνο,
3180 5372 3208 5427 ὃ
3239 5370 3384 5451 ἔχει,
3416 5372 3721 5451 ἀρθήσεται,
3778 5372 3874 5430 ἵνα

502 5464 621 5525 lum
656 5465 729 5524 de
758 5479 1035 5524 sermone
1057 5469 1115 5523 et
1144 5461 1414 5523 doctrina
1439 5458 1818 5544 exponimus,
1853 5463 1956 5524 sed
1983 5473 2038 5525 et
2070 5463 2145 5524 de

2251 5460 2306 5527 ιὴ
2338 5459 2474 5536 ἀργῇ
2510 5462 2570 5516 τὸ
2612 5459 2919 5518 δεσποτικὸν
2976 5468 3218 5543 πρᾶγμα,
3269 5462 3484 5521 δυνατὸν
3537 5462 3595 5517 ὃν
3653 5460 3874 5529 δοθῆναι

579 5641 642 5691 93
664 5640 830 5701 Joan.
860 5656 942 5702 x1.
