4140 6280
264 344 425 417 1099

1019 345 1456 421 ENAthA'l‘IO
1498 344 1570 420 ΙΝ
1617 345 2113 421 Eva-scamna
2166 343 2398 416 Loca.
2431 389 2504 400 —
2535 352 2697 416 CAP.
2748 349 2907 415 XIX.

3488 349 3638 414 1030

255 485 453 568 ἑτέρῳ,
514 489 602 545 καὶ
660 487 1210 556 πολυπλασιασθῆναι,
1271 498 1442 548 Ταῦτα
1515 489 1568 546 δὲ
1628 489 1703 564 μὴ
1757 489 1913 562 μόνον

2004 487 2325 550 muralibus
2357 486 2844 550 virtutibus.Nam
2878 487 3026 548 etin
3048 485 3139 548 his
3164 484 3318 547 dona
3340 484 3508 548 nobis
3540 485 3640 546 de-

253 575 347 632 ἐπὶ
389 577 483 633 τοῦ
528 577 712 655 λόγου,
773 579 860 634 καὶ
913 581 1012 645 τῆς
1083 576 1417 644 διδασκαλίας
1488 577 1910 654 ἐκλαμϐάνομεν,

253 664 399 723 ἀλλά
453 668 541 722 καὶ
585 667 672 723 ἐπὶ
703 673 810 722 τῶν
860 668 1056 734 ἠθικῶν
1106 668 1328 746 ἀρετῶν.
1363 670 1468 728 Καὶ
1510 670 1609 747 γὰρ
1639 669 1734 724 κᾶν
1785 667 1914 724 ταύ-

255 776 378 816 ταις
437 753 658 811 δέδωκεν
717 757 854 831 ἡμῖν
893 759 920 812 ὑ
988 758 1119 820 Θεὸς
1180 761 1508 837 χαρίσματα,
1569 765 1644 831 τῷ
1688 757 1783 819 μὲν
1827 780 1917 822 νηο

257 846 464 924 στείας,
507 852 584 920 τῷ
626 843 679 901 δὲ
710 845 1097 922 ἐλεημοσύνης,
1157 850 1232 921 τῷ
1264 845 1317 903 δὲ
1361 847 1686 924 πραότητος,
1731 853 1807 919 τῷ
1864 845 1916 902 δὲ

261 934 507 1013 ἂτυιρίας,
549 933 655 992 Κᾶν
687 936 784 1010 μὲν
843 937 1117 1014 νήφωμεν,
1168 935 1665 1008 πολυπλασιάζομεν
1705 942 1867 992 ταῦτα
1904 955 1914 967 ·

259 1021 327 1077 ἄν
377 1019 430 1078 δὲ
493 1025 830 1101 ῥᾳθυμῶμεν,
882 1025 968 1080 καὶ
1027 1024 1480 1102 ἆπονεκρωθῶμεν
1537 1029 1604 1100 τῇ
1666 1023 1944 1104 προαιρέ-,

257 1133 367 1185 σει,
427 1111 643 1188 ὕστερον
724 1113 1068 1188 αἰτιασόμεθα
1150 1115 1242 1169 τὸν
1309 1115 1458 1181 Θεὸν,
1523 1115 1595 1175 ὡς
1667 1113 1922 1188 εἰώθαμεν

255 1198 458 1281 λέγειν,
497 1203 592 1258 Καὶ
623 1202 671 1258 τί
701 1204 914 1272 ποιήσω
952 1223 967 1275 ς
1003 1202 1129 1258 Ἐὰν
1159 1205 1185 1259 ὂ
1218 1201 1367 1258 δεῖνα
1396 1204 1431 1277 ᾗ
1476 1202 1647 1281 ἅγιος,
1697 1199 1834 1256 θέλει
1893 1203 1920 1256 ὑ

258 1292 420 1362 Θεὸς,
481 1292 569 1347 καὶ
627 1290 767 1346 ἔστιν
816 1291 967 1368 ἅγιος
1005 1309 1022 1326 θ
1081 1291 1175 1366 ἐμὲ
1219 1291 1278 1346 οὗ
1315 1289 1475 1370 θέλει,
1521 1293 1608 1347 καὶ
1653 1293 1746 1347 οὑκ
1788 1291 1916 1366 εἶμί.

260 1380 362 1436 Καὶ
407 1379 615 1444 ἐκεῖνος
648 1381 842 1460 Πέτρος
885 1381 972 1460 ἦν,
1021 1380 1227 1445 ἐκεῖνος
1273 1381 1501 1443 Παῦλος,
1565 1381 1790 1446 Ἀνόητε
1819 1377 1916 1436 ἅν-

253 1471 459 1545 θρωπε,
506 1472 540 1537 ἦ
604 1477 708 1545 μνᾶ
767 1470 898 1538 αὕτη
959 1471 1153 1550 Πέτρον
1225 1493 1283 1527 σε
1341 1484 1490 1528 ποιεῖ
1549 1472 1634 1527 καὶ
1684 1468 1912 1530 Παῦλον.

249 1556 298 1590 ’¹
317 1565 548 1638 Εργασαι
610 1557 665 1614 δὲ
695 1562 832 1616 κατὰ
875 1559 1114 1636 δύναμιν,
1159 1562 1248 1617 καὶ
1290 1560 1593 1639 προσάγαγέ
1643 1566 1798 1634 τιτῷ
1827 1559 1916 1614 δε-

257 1645 478 1726 δωκότι,
530 1647 628 1705 κᾶν
689 1650 767 1724 μὴ
819 1650 942 1705 ὅσον
983 1653 1009 1706 ὁ
1057 1650 1270 1728 Πέτρος,
1329 1651 1417 1706 καὶ
1461 1649 1690 1713 Παῦλος’
1744 1649 1806 1705 κὺ
1864 1646 1918 1703 δὲ

255 1739 330 1792 τὰ
385 1739 514 1796 αὑτὰ.
555 1743 632 1811 τῷ
692 1739 868 1818 Πέτρα.
921 1741 1007 1796 καὶ
1060 1747 1136 1814 τῷ
1181 1736 1371 1812 Παύλῳ
1426 1737 1703 1814 δεξάμενος
1740 1758 1753 1770 ·
1828 1737 1920 1793 κᾶ-

2000 579 2082 637 dit
2107 577 2496 658 Deus,utpote
2531 578 2627 638 uni
2658 578 2875 637 donum
2901 575 3144 655 jejunii,
3176 575 3270 636 alii
3304 593 3439 642 vero
3473 575 3639 636 elee-

2001 667 2384 745 mosyniemlii
2403 676 2596 728 autem
2620 686 2714 727 :na
2732 665 3425 737 nsuetudinis,aliiautem
3454 663 3641 724 humi-

2003 754 2198 815 litatis.
2232 754 2296 815 Et
2329 756 2376 816 si
2422 756 2662 836 quidem
2705 753 2886 816 sobrii
2915 756 3202 815 fuerimus
3224 762 3280 814 et
3309 752 3637 830 vigilantes,

2003 844 2528 924 multiplicabimus
2561 845 2684 906 haec
2719 871 2731 907 ς
2770 845 2863 905 sin
2910 852 3100 904 autem
3163 843 3552 921 negligentes,
3584 852 3641 903 et

2004 933 2304 995 voluntate
2365 934 2604 1007 mortui,
2673 944 2875 1014 postea
2943 951 3254 1012 arguamus
3305 935 3516 1004 Deum,
3577 940 3643 994 ut

2003 1023 2416 1083 consuevimus
2447 1024 2648 1086 dicere
2703 1043 2716 1083 :

2004 1110 2180 1172 fuerit
2211 1122 2474 1186 sanctus,
2511 1113 2634 1173 vult
2665 1114 2844 1191 Deus,
2876 1120 2932 1170 et
2959 1119 3048 1171 est
3075 1119 3314 1172 sanctus
3353 1131 3366 1167 :
3397 1127 3490 1170 me
3525 1127 3642 1169 non

2003 1200 2147 1272 vult,
2184 1210 2242 1262 et
2274 1220 2391 1262 non
2425 1219 2582 1264 som:
2617 1210 2675 1262 et
2704 1202 2806 1261 i.le
2837 1200 3043 1260 Petrus
3071 1198 3271 1272 fuit,et
3300 1197 3400 1258 ille
3427 1197 3642 1259 Paulus

2001 1288 2132 1352 fuit.
2167 1290 2354 1352 Stulte
2376 1291 2576 1363 homo,
2612 1293 2774 1351 mina
2803 1289 2904 1351 illa
2931 1289 3170 1350 Paulum
3202 1298 3257 1348 te
3279 1286 3417 1348 fecit
3439 1296 3492 1346 et
3527 1288 3644 1348 Pe-

2002 1377 2452 1460 trum.0perare
2484 1388 2674 1441 autem
2697 1381 2864 1459 juxta
2879 1377 3402 1452 virtutem,etaﬁ'er
3422 1372 3642 1455 aliquid

2003 1472 2055 1530 ei
2088 1468 2388 1549 quidedit.
2427 1469 2657 1531 etiamsi
2683 1489 2797 1528 non
2823 1465 3327 1548 quantumPaulus
3349 1473 3405 1526 et
3436 1462 3645 1525 Petrus

2001 1557 2086 1619 Tu
2109 1567 2301 1618 autem
2329 1577 2462 1618 cum
2479 1558 2689 1619 eadem
2715 1557 3022 1636 acceperis
3040 1574 3168 1636 quae
3193 1554 3395 1615 Petrus
3413 1558 3474 1615 et
3498 1552 3644 1614 Pau-

2001 1647 2091 1708 lus
2123 1668 2138 1708 :
2175 1665 2308 1708 nam
2340 1657 2398 1709 et
2423 1647 2524 1709 ille
2556 1647 2801 1718 minam,
2836 1656 2894 1708 et
2924 1655 2981 1706 tu
3011 1646 3252 1706 minam:
3292 1652 3492 1723 postea
3523 1661 3643 1703 non

2003 1746 2194 1796 motus
2220 1738 2460 1816 omnino
2493 1737 2562 1798 ad
2580 1736 2986 1815 operationem
3008 1734 3169 1811 boni,
3197 1733 3395 1811 arguis
3419 1730 3643 1793 Deum?

2773 1025 2842 1084 Et
2889 1022 3029 1102 quid
3083 1023 3291 1082 faciam
3322 1019 3351 1079 ?
3401 1022 3464 1081 Si
3511 1021 3644 1100 quis
3721 1021 3737 1033 ⁸

258 1838 444 1889 κεῖνος
502 1827 600 1906 γὰρ
644 1834 802 1908 μνᾶν,
838 1831 926 1884 καὶ
970 1830 1032 1884 σὺ
1090 1835 1226 1903 μνᾶν
1270 1827 1452 1884 ἔπειτα
1495 1825 1631 1903 μηδὲ
1690 1828 1913 1892 κινηθεὶς

2004 1827 2251 1916 Propter
2274 1826 2386 1887 hoc
2409 1825 2878 1916 indigniinventi
2900 1819 3636 1916 donis,illisspoliabimur.

256 1913 404 1978 ὅλως
454 1916 526 1979 εἷς
587 1917 833 1995 ἐργασίαν
885 1921 978 1975 τοὺ
1032 1916 1197 1974 καλοῦ
1254 1919 1395 1989 αἰτιᾷ
1458 1919 1550 1975 τὸ)
1595 1916 1770 1989 Θεόνς
1821 1917 1913 1972 Διὰ

2001 1913 2280 1975 Inimicos
2312 1934 2499 1995 meos,
2534 1915 2700 1988 dicit,
2735 1931 2837 1975 eos
2868 1913 2968 1993 qui
3000 1912 3209 1972 nolunt
3240 1929 3335 1971 me
3391 1927 3644 1986 regnare

255 2011 418 2060 τοῦτο
475 2005 674 2070 ἀνάξιοι
737 2007 1102 2084 εὑρισκόμενοι
1176 2013 1283 2063 τῶν
1337 2007 1711 2086 χαρισμάτων,
1774 2006 1913 2062 ἄπο-

1999 2002 2273 2064 adducite
2305 2003 2446 2076 huc,
2472 2011 2529 2064 et
2550 2001 3062 2064 occiditeJudaios
3085 1997 3642 2079 dicit,quosinteri-

252 2094 598 2171 γυμνούμεθα
649 2096 874 2156 τούτων.
965 2098 1096 2162 Τοὺς
1180 2095 1235 2152 δὲ
1291 2097 1510 2176 ἐχθρούς
1573 2118 1698 2175 μου,
1761 2097 1913 2174 φησὶ,

2003 2091 2083 2150 tui
2117 2093 2330 2165 tradet,
2361 2094 2416 2152 in
2447 2092 2644 2171 ignem
2679 2101 2967 2153 aeternum
2990 2089 3230 2151 mittens
3261 2088 3416 2150 illos.
3448 2089 3646 2176 Atque

254 2182 384 2245 τοὺς
441 2183 518 2257 μὴ
571 2181 818 2249 θέλοντές
872 2208 938 2260 με
996 2174 1601 2265 βασιλεῦσαιξὰγάγετε
1661 2174 1786 2265 ὦδε,
1831 2186 1913 2241 κοῖ

1998 2181 2144 2244 adeo
2170 2181 2251 2240 illi
2280 2181 2483 2242 miseri
2504 2184 2559 2242 in
2585 2183 2697 2242 hoc
2720 2180 2940 2241 mundo
2955 2179 3134 2241 occisi
3148 2186 3283 2239 sunt
3303 2195 3336 2237 a
3359 2174 3643 2265 Romanis

255 2269 491 2349 σφάξατε
529 2292 542 2305 ·
605 2274 726 2336 τοὺς
789 2273 1066 2339 Ἰουδαίους
1112 2264 1413 2356 φησὶν,ίοῦς
1445 2277 1744 2354 καταφθορᾷ
1802 2296 1910 2330 παῖ’

1998 2269 2816 2350 exercitibus,servanturque
2839 2264 3511 2346 internecioniquaaillic
3525 2271 3639 2325 est.

270 2357 524 2438 ραδώσει,
556 2363 628 2426 εἷς
659 2365 719 2418 τὸ
745 2363 845 2443 πῦρ
873 2365 934 2419 τὸ
957 2364 1207 2442 ἐξώτερον
1262 2364 1634 2443 παραπέμπων
1691 2365 1898 2426 αύτούς.
1936 2363 2031 2419 Καὶ
2085 2359 2266 2434 μέντοι
2301 2361 2444 2417 οὗτοι
2479 2365 2524 2417 οἱ
2552 2361 2718 2418 ἄθλιοι
2750 2361 3028 2432 κάνταῦθα,
3061 2361 3114 2413 ἐν
3142 2361 3219 2430 τῷ
3259 2358 3444 2430 κόσμῳ
3474 2361 3642 2412 τοῦτω

259 2451 427 2526 φημὶ,
471 2452 882 2529 κατεσφάγησαν
909 2454 1009 2508 ὑπὸ
1039 2455 1144 2509 τῶν
1173 2445 1488 2529 Ῥωμαϊκῶν
1520 2453 1946 2532 στρατευμάτων,
1993 2450 2307 2528 τηρούμενοι
2337 2452 2424 2506 καὶ
2467 2449 2814 2530 φυλαξάμενοι
2849 2457 2914 2522 τῇ
2942 2448 3056 2504 ἐκεῖ
3086 2452 3284 2526 σφαγῇ.

358 2561 380 2593 ι
422 2541 518 2597 Καὶ
573 2539 781 2618 ἐγένετο
839 2545 911 2605 ὡς
963 2541 1182 2621 ἤγγισεν
1230 2545 1302 2608 εἷς
1348 2547 1627 2622 Βηθφαγὴ,
1673 2550 1760 2598 καί
1800 2549 1913 2608 Βη-

2080 2536 2490 2601 VERS.29-40.
2516 2537 2619 2599 cEt
2647 2539 2864 2600 factum
2889 2545 2979 2599 est
3005 2534 3143 2596 dum
3169 2534 3642 2622 apprOpinquasf

263 2627 448 2684 θανίαν
499 2631 630 2708 πρὸς
688 2631 750 2687 τὸ
808 2630 925 2709 ὅρος
983 2633 1042 2688 τὸ
1113 2631 1437 2692 καλούμενον
1476 2621 1746 2700 γἘλαιῶν,
1806 2631 1913 2687 ἆπ-

2000 2635 2090 2689 set
2119 2629 2188 2687 ad
2225 2627 2569 2707 Bethphage
2602 2638 2660 2689 et
2688 2627 3031 2690 Belhaniam
3057 2625 3228 2704 juxta
3255 2631 3516 2683 montem
3536 2621 3639 2699 qui

266 2714 472 2772 ἐστειλε
533 2717 621 2774 δύο
677 2720 784 2775 τῶν
828 2725 1078 2795 μαθητῶν
1122 2721 1279 2778 αὑτοῦ
1321 2722 1504 2778 εἰπών’
1554 2718 1809 2799 Ὑπάγετε
1843 2722 1913 2784 εἷς

1998 2723 2239 2777 vocatur
2259 2715 2582 2790 Olivarum,
2626 2717 2786 2778 misit
2814 2717 2962 2778 duos
2992 2712 3320 2793 discipulos
3349 2727 3513 2799 suos,
3538 2711 3639 2770 di-

260 2806 365 2872 τὴδ
425 2807 700 2864 κατέναντι
754 2809 967 2883 κώμην,
1013 2813 1068 2866 ἒν
1121 2811 1634 2889 ᾗεῖσπορευόμενοι,
1670 2811 1913 2888 εὑρήσετε

263 2895 449 2954 πῶλον
511 2894 806 2979 δεδεμένον,
860 2898 940 2978 ἐρ’
998 2901 1055 2956 ὃν
1113 2898 1274 2962 οὐδεὶς
1335 2900 1573 2973 πώποτε,
1628 2899 1913 2978 ἀνθρώπων

254 2987 474 3043 ἱκάθισε
512 3003 525 3017 ·
573 2985 821 3052 λύσσντες
867 2990 1020 3045 αὑτὸν
1077 2989 1325 3068 ἀγάγετε,
1388 2991 1474 3046 καὶ
1504 2991 1593 3046 ἒάν
1643 3012 1722 3052 τις
1777 2991 1912 3064 ὑμᾶς

262 3077 463 3156 ἐρωτᾷ,
497 3079 645 3133 Διατί
686 3075 834 3134 λύετε
868 3098 886 3155 ;
917 3077 1082 3141 οὕτως
1113 3079 1285 3157 ἐρεῖτε
1324 3081 1490 3159 αὐτῷ,
1521 3077 1602 3134 ὅτι
1636 3069 1692 3136 Ὀ
1726 3080 1912 3158 Κύριος

266 3163 427 3224 αὒτοῦ
479 3167 666 3245 χρείαν
719 3165 860 3246 ἕχει,
925 3166 1270 3232 Ἀπελθόντες
1319 3167 1374 3224 δὲ
1420 3170 1467 3224 οἱ
1498 3166 1909 3248 ἀπεσταλμένοι,

269 3250 418 3331 εὖρον
473 3255 646 3319 καθὼς
698 3255 852 3313 εἶπεν
912 3256 1120 3321 αὐτοῖς.
1183 3257 1427 3314 Λυόντων
1468 3255 1522 3313 δὲ
1583 3261 1752 3316 αὑτῶν
1821 3259 1912 3314 τὸν

271 3339 477 3416 πῶλον,
525 3344 684 3401 εἷπον
715 3347 762 3400 οἱ
803 3345 971 3424 κύριοι
1032 3345 1189 3402 αὑτοῦ
1234 3348 1365 3424 πρὸς
1397 3347 1582 3412 αὐτοὺς
1617 3363 1631 3378 ⁶
1664 3347 1724 3404 Τί
1765 3345 1913 3403 λύετε

269 3431 364 3516 τον
419 3429 600 3487 πῶλον
635 3449 651 3506 ς
685 3435 744 3489 Οἱ
765 3431 822 3488 δὲ
850 3433 1030 3490 εἷπον⁶
1068 3425 1124 3493 Ὀ
1152 3435 1338 3515 Κύριος
1371 3440 1526 3494 αὐτοῦ
1554 3437 1738 3516 χρείαν
1771 3434 1910 3516 ἔχει.

266 3515 374 3578 Καὶ
419 3517 620 3598 ἤγαγον
677 3521 832 3578 αὑτὸν
887 3525 1017 3602 πρὸς
1065 3526 1157 3581 τὸν
1215 3524 1444 3606 Ἰησοῦν,
1489 3515 1914 3604 καὶίέπιρῤίψαν-

236 3617 354 3674 ’τες
415 3609 616 3666 ἑαυτῶν
671 3612 736 3667 τὰ
777 3612 964 3687 ἱμάτια
1006 3612 1090 3669 ἐπὶ
1121 3615 1211 3670 τὸν
1239 3613 1442 3695 πῶλον,
1477 3611 1788 3671 ἐπεϐίϐασαν
1823 3615 1913 3672 τὸν

264 3697 496 3764 Ἰησοῦν.
588 3700 946 3778 Πορευομένου
1033 3699 1089 3757 δὲ
1145 3705 1325 3783 αὑτοῦ,
1405 3703 1791 3783 ὑπεστρώννυον
1848 3703 1914 3759 τὰ

257 3786 448 3860 ἱμάτια
502 3788 671 3844 αὐτῶν
715 3788 770 3845 ἐν
811 3794 879 3866 τῇ
931 3787 1058 3865 ὁδῷ.
1118 3788 1453 3871 Ἐγγίζοντος
1506 3790 1562 3848 δὲ
1616 3797 1771 3852 αὑτοῦ
1808 3789 1911 3860 ἤδη

255 3875 390 3954 πρὸς
421 3882 490 3952 τῇ
548 3874 835 3934 καταϐάσει
895 3886 986 3936 τοῦ
1047 3879 1198 3960 ὅρους
1255 3883 1360 3936 τῶν
1407 3874 1657 3962 Ἐλαιῶν,
1691 3880 1912 3962 ἤρξαντο

254 3964 401 4020 ἅπαν
454 3966 516 4022 τὸ
574 3965 774 4035 πλῆθος
803 3975 910 4024 τῶν
965 3974 1216 4046 μαθητῶν
1275 3972 1579 4051 χαίροντες,
1625 3973 1790 4028 αἰνεῖν
1820 3972 1910 4026 τὸν

261 4055 394 4109 Θεὸν
455 4060 605 4135 φωνῇ
648 4057 860 4135 μεγάλῃ
901 4061 1018 4139 περὶ
1062 4067 1269 4139 πασῶν,
1314 4063 1389 4115 ὧν
1420 4058 1560 4116 εἶδον
1616 4058 1908 4134 δυνάμεων.

257 4141 509 4220 λέγοντες
543 4163 557 4178 ·
591 4143 960 4223 Εὐλογημένος
1021 4151 1049 4205 ὁ
1094 4148 1388 4228 ἐρχόμενος
1420 4147 1669 4211 Βασιλεὺς
1701 4148 1753 4205 ἐν
1786 4149 1912 4205 ὀνό-

265 4253 396 4307 ματι
430 4231 640 4310 Κυρίου.
669 4235 868 4312 Εἰρήνη
915 4237 968 4292 ἐν
1021 4239 1244 4316 οὑρανῷ,
1277 4240 1365 4294 καὶ
1393 4236 1514 4303 δόξα
1542 4237 1596 4293 ἐν
1648 4238 1909 4312 ὑψίστοις.

1999 2825 2161 2868 cens:
2197 2803 2282 2866 Ite
2314 2805 2373 2865 in
2407 2807 2715 2867 castellum
2749 2805 2903 2886 quod
2946 2823 2978 2864 e
3001 2803 3243 2882 regione
3273 2801 3451 2880 est,in
3472 2798 3640 2871 Quod

1996 2897 2366 2956 introeuntes
2397 2893 2714 2956 invenietis
2746 2895 2970 2973 pullum
3004 2891 3541 2968 asinaa,al|igatum,
3578 2889 3638 2948 in

1997 3003 2112 3064 quo
2151 3001 2326 3044 nemo
2348 3003 2605 3062 unquam
2639 2983 2945 3044 hominum
2979 2980 3150 3042 sedit.
3193 2977 3412 3041 Solvite
3443 2976 3635 3057 illum,

1996 3083 2053 3135 et
2082 3072 2377 3134 adducite.
2412 3072 2483 3132 Et
2538 3072 2588 3132 si
2621 3071 2750 3152 quis
2806 3090 2910 3132 vos
2939 3067 3410 3146 interrogaverit,
3446 3065 3639 3137 Quare

1994 3160 2345 3222 solvitis?sic
2374 3160 2584 3222 dtcetis
2609 3160 2838 3233 eizQuia
2859 3159 3145 3222 Dominus
3163 3175 3234 3217 eo
3265 3173 3413 3235 opus
3434 3153 3635 3217 habet.

1998 3248 2284 3313 Abierunt
2299 3258 2494 3311 autem
2519 3249 2624 3331 qui
2640 3249 2808 3310 missi
2831 3257 3092 3320 erai.t,et
3112 3246 3466 3307 invenerunt
3486 3241 3638 3304 sicut

1997 3339 2228 3401 dixerat
2259 3339 2396 3400 illis.
2428 3337 2803 3402 Solventibus
2833 3345 3029 3399 autem
3053 3334 3172 3398 illis
3196 3333 3447 3413 pullum,
3477 3331 3639 3394 dixe-

1998 3439 2135 3492 runt
2163 3429 2391 3490 domini
2423 3429 2552 3508 ejus
2593 3427 2665 3490 ad
2697 3427 2851 3490 illos:
2885 3425 3078 3499 Quare
3109 3422 3332 3485 solvitis
3363 3420 3586 3502 pullum
3614 3418 3640 3481 ?

1998 3524 2068 3580 At
2099 3519 2184 3580 illi
2216 3518 2494 3580 dixerunt
2522 3539 2536 3581 :
2587 3516 2732 3590 Quia
2755 3517 3042 3581 Dominus
3071 3533 3140 3575 ea
3167 3529 3317 3592 opus
3333 3509 3533 3573 habet.
3566 3508 3641 3570 Et

1997 3611 2292 3671 duxerunt
2324 3607 2489 3668 illum
2523 3607 2593 3669 ad
2623 3610 2848 3682 Jesum,
2883 3615 2941 3667 et
2985 3603 3219 3684 injectis
3273 3599 3640 3662 vestimentis

1997 3698 2121 3760 suis
2151 3716 2329 3778 super
2352 3696 3020 3777 pullumimposuerunt
3047 3695 3268 3756 Jesum.
3306 3687 3638 3778 AJBEunte

1996 3795 2193 3848 autem
2227 3777 2830 3861 illo,substernebant
2851 3785 3200 3846 vestimenta
3222 3797 3326 3841 sua
3344 3777 3406 3840 in
3431 3778 3542 3840 via.
3567 3777 3639 3841 Et

1999 3893 2130 3936 cum
2161 3875 2667 3957 appropinquaret
2681 3874 2804 3953 jam
2819 3873 2891 3935 ad
2917 3874 3272 3934 descensum
3291 3865 3636 3957 montisOli-

1995 3956 2222 4038 varum,
2256 3978 2564 4045 cmperunt
2595 3964 2789 4025 omnis
2846 3961 3162 4024 multitudo
3213 3956 3636 4045 discipulorum

1990 4055 2314 4134 gaudentes
2334 4043 2765 4117 laudareDeum
2784 4070 2924 4113 voce
2936 4069 3149 4130 magna
3162 4065 3344 4132 super
3359 4043 3636 4107 omnibus

1993 4162 2138 4224 quas
2170 4143 2443 4204 viderunt
2473 4140 3108 4220 virtntibus,dicentesz
3143 4135 3504 4224 Benedictus
3533 4137 3636 4224 qui

1992 4222 2155 4294 venit
2177 4231 2372 4293 Rexin
2405 4231 2646 4292 nomine
2676 4228 3061 4291 Domini.Pax
3083 4227 3141 4287 in
3167 4226 3336 4299 caelo,
3367 4229 3426 4284 et
3445 4222 3639 4298 gloria

267 4322 370 4378 Καί
417 4341 557 4386 τινες
611 4311 741 4379 τῶν
764 4328 1062 4405 Φαρισαίων
1088 4311 1241 4383 dare.
1269 4334 1362 4384 τοῦ
1402 4325 1571 4407 ὄχλου
1599 4311 1752 4383 εἷπον
1781 4329 1912 4407 πρὸς

1997 4321 2054 4382 in
2085 4318 2484 4382 altissimis.Et
2512 4317 3188 4407 quidamPharisaaorum
3208 4332 3241 4375 e
3257 4311 3434 4407 turba
3462 4311 3636 4375 dixe-

270 4412 428 4468 αὒτόν
463 4429 476 4443 ·
546 4399 862 4491 Διδάσκαλε,
922 4417 1238 4493 ἐπιτίμησον
1294 4399 1736 4493 τοῖςημαθηταϊς
1794 4399 1908 4478 σου.

1997 4417 2134 4470 runt
2161 4411 2232 4471 ad
2267 4410 2474 4470 illum:
2510 4408 2804 4487 Magister,
2850 4407 3096 4486 increpa
3125 4399 3448 4493 discipulos
3479 4409 3630 4465 tuos.

264 4503 366 4559 Καὶ
424 4503 725 4576 ἀποκριθεὶς
787 4505 942 4562 εἶπεν
993 4492 1175 4570 αὐτοῖς
1210 4522 1225 4538 ⁸
1279 4505 1432 4585 Λέγω
1473 4492 1631 4587 ὑμῖν,
1683 4505 1762 4562 ὅτι
1822 4507 1910 4564 ἐὰν

1997 4497 2222 4570 Quibus
2267 4497 2395 4578 ipse
2424 4497 2540 4558 ait:
2575 4495 2719 4587 Dico
2746 4494 2933 4577 vobis,
2967 4493 3122 4587 quod
3146 4492 3204 4554 si
3226 4493 3288 4554 hi
3319 4493 3631 4587 tacuerint,

261 4593 405 4647 οὗτοι
452 4596 823 4674 σιωπήσωσιν,
887 4597 932 4651 οἱ
989 4593 1120 4652 λίθοι
1175 4593 1536 4673 κεκράξονται,
1595 4619 1617 4653 ιι
1691 4597 1792 4652 Δύο
1858 4596 1912 4652 ἐν

1998 4606 2134 4688 mox
2165 4588 2393 4668 lapides
2425 4585 2782 4688 clamabunt.
2820 4607 2848 4645 ν
2884 4584 3172 4688 Dominps
3198 4602 3379 4664 super
3411 4583 3634 4688 pullpm

259 4685 442 4756 ταυτῷ
501 4684 528 4738 ὁ
557 4684 745 4764 Κύριος
775 4683 1056 4752 ὑποδηλῶν
1113 4684 1200 4740 ἐπὶ
1225 4691 1318 4741 τοῦ
1346 4683 1526 4742 πώλου
1556 4686 1748 4756 καθίζει
1779 4700 1796 4716 ⁸
1857 4688 1912 4743 ἓν

262 4771 386 4847 μὲν,
420 4771 640 4851 πληρῶν
670 4773 992 4853 προφητείαν
1027 4773 1121 4841 τὴν
1166 4772 1444 4855 λέγουσαν,
1507 4772 1637 4831 Ἰδοὺ
1686 4777 1713 4831 ὁ
1756 4776 1908 4851 βασι·

265 4862 391 4924 λεύς
448 4884 540 4920 σου
598 4860 814 4942 ἔρχεται
868 4864 1166 4938 καθήμενος
1232 4861 1318 4919 ἐπὶ
1387 4862 1504 4919 ὄνου
1539 4884 1550 4896 ·
1599 4862 1774 4943 ἕτερον
1831 4861 1910 4942 δὲ,

260 4957 530 5028 τροπικῶς
579 4955 715 5028 ἡμῖν
766 4951 1150 5032 αἰνιττόμενος,
1211 4954 1290 5008 ὃτι
1344 4949 1653 5023 ἐπιϐήσεται
1709 4953 1792 5010 ἐπὶ
1821 4955 1913 5009 τὸν

264 5039 408 5120 νέον,
465 5043 552 5097 καὶ
602 5041 914 5121 ἀκάθαρτον,
978 5042 1065 5098 καὶ
1144 5039 1442 5117 ἀδάμαστον
1500 5042 1701 5099 ἐθνικὸν
1758 5040 1915 5112 λαόν.

265 5131 343 5188 Οὑ
390 5132 490 5210 γὰρ
548 5129 717 5200 δήπου
776 5129 860 5186 διὰ
914 5133 978 5187 τὸ
1034 5136 1132 5198 τῆς
1187 5129 1308 5189 ὁδοῦ
1362 5136 1537 5206 μῆκος
1609 5130 1779 5188 ἐδεῖτο
1821 5139 1913 5187 τοῦ

261 5221 544 5298 ὑποζυγίου
577 5235 590 5249 ⁶
669 5220 696 5275 ὃ
764 5221 863 5300 γὰρ
937 5227 1110 5277 πᾶσαν
1175 5218 1462 5276 Γαλιλαίαν
1517 5222 1604 5278 καὶ
1660 5213 1913 5278 Ἰουδαίαν

260 5313 400 5386 πεζῇ
451 5311 895 5390 περιερχόμενος,
955 5315 1072 5373 πῶς
1115 5308 1176 5364 ἂν
1219 5309 1324 5366 ἀπὸ
1369 5311 1626 5376 Βηθανίας
1686 5311 1758 5372 εἰς
1800 5308 1907 5366 Ἰε-

259 5397 540 5480 ρουσαλὴμ
567 5397 743 5481 δι’ίὼν,
778 5397 966 5470 ἐδεήθη
1018 5405 1110 5455 τοῦ
1151 5397 1599 5481 πώλουλόλίγου
1642 5399 1788 5465 ὄντος
1816 5409 1910 5458 τοῦ

259 5489 649 5566 διαστήματος,
711 5491 783 5553 ὡς
833 5488 1025 5552 πάντες
1079 5486 1308 5561 ἵσασινς
1364 5477 1543 5568 υΟπερ
1603 5492 1692 5545 οὖν
1722 5489 1904 5564 εἷπον,

255 5584 528 5656 μυστικῶς
578 5585 742 5635 ταῦτα
784 5590 956 5639 ποιεῖ.
993 5574 1278 5654 Διδεμένος
1321 5575 1375 5634 δὲ
1407 5577 1471 5646 ἧν
1529 5580 1557 5634 ὁ
1609 5576 1790 5641 πῶλος
1820 5572 1906 5633 καὶ

347 5725 437 5779 93’
463 5725 673 5792 Matth.
701 5741 825 5805 ut,
855 5725 914 5788 5.

1996 4677 2233 4751 sedens,
2266 4678 2384 4738 duo
2417 4677 2695 4737 declarat:
2725 4693 2906 4737 unum
2931 4673 3088 4754 quod
3112 4673 3354 4753 impleat
3383 4673 3638 4755 prophe-

1996 4767 2136 4831 tiam
2156 4767 2476 4828 dicentem:
2493 4764 2676 4827 chce
2699 4783 2800 4827 rex
2819 4773 2951 4825 tuus
2971 4764 3360 4825 venitsedens
3382 4782 3562 4844 super
3579 4781 3638 4824 ao

1996 4854 2301 4928 sinam98';
2316 4855 2676 4917 isecundum
2692 4850 3635 4933 ﬁgulariternobisinsinuatquod

1996 4962 2269 5007 sessurus
2289 4943 2364 5005 sit
2393 4961 2799 5023 supernovum
2823 4951 2882 5004 et
2901 4941 3254 5004 indomitum
3282 4948 3340 5001 et
3368 4941 3635 5007 immun-

1997 5033 2137 5094 dum
2165 5032 2442 5114 populum
2460 5029 2901 5108 gentilem.Non
2919 5031 3079 5092 enim
3101 5028 3375 5092 videlicet
3398 5047 3504 5108 pro
3529 5036 3633 5098 iti-

1997 5122 2157 5184 neris
2188 5121 2556 5200 longitudine
2574 5122 2850 5200 jumento
2875 5140 3022 5201 opus
3043 5119 3320 5184 habebat.
3341 5116 3453 5190 Qui
3471 5126 3632 5193 enim

1997 5221 2105 5293 per
2135 5219 2312 5272 totam
2336 5209 2634 5273 Galilaeam
2681 5218 2740 5272 et
2789 5210 3050 5273 Iudaeam
3108 5211 3367 5292 pedestri
3420 5214 3634 5275 itinere

1987 5299 2303 5376 circuibat,
2329 5299 2624 5380 quomodo
2647 5319 2681 5361 a
2705 5298 2990 5362 Bethania
3011 5299 3071 5361 in
3092 5303 3422 5365 Jerusalem
3445 5312 3632 5365 trans-

1992 5391 2122 5453 iens
2148 5400 2386 5468 rogaret
2414 5399 2479 5451 ut
2509 5389 2703 5470 pullus
2751 5387 2865 5452 sibi
2917 5389 3182 5452 daretur.
3213 5411 3346 5454 cum
3377 5411 3502 5456 non
3558 5390 3636 5453 sit

1985 5489 2154 5543 tanta
2180 5477 2480 5556 distantia,
2512 5488 2577 5541 ut
2594 5480 2792 5542 sciunt
2810 5482 3046 5541 omnes?
3064 5480 3344 5560 Proinde,
3370 5490 3434 5544 ut
3462 5481 3634 5544 dice-

1981 5570 2147 5653 bam,
2183 5566 2428 5647 mystica
2456 5576 2596 5631 sunt
2615 5566 3018 5634 haec.Vinctus
3033 5577 3227 5633 autem
3258 5578 3385 5634 erat
3409 5570 3627 5652 pultm,
