4126 6282
564 297 704 371 1031

1541 295 2137 368 THEOPHYLACTI
2179 297 2593 367 BULGARLE
2634 303 2995 371 ARCHIEP.

3820 317 3838 378 1
3853 311 3964 378 032

506 445 508 452 '
553 449 609 500 et
641 440 917 500 dominos
951 436 1454 499 habebatmultus:
1484 435 1594 533 sed
1621 435 1848 533 sqlutus
1869 433 2201 533 esthabapo'

2301 437 2504 533 κυρίους
2560 440 2688 533 εἶχε
2733 439 2990 533 πολλοὺς,
3022 440 3364 533 ἀλλὰ-λύεται
3414 447 3561 526 παρὰ
3592 451 3698 503 τῶν
3733 447 3966 505 ἀποστό-

553 530 744 604 stolis,
779 530 891 590 hoc
923 538 1008 588 est
1043 527 1116 587 ab
1152 527 1244 588 his
1275 527 1374 606 qui
1435 525 1599 586 missi
1662 525 1919 585 fuerunt.
1953 521 2213 605 ‘Sensnm

548 629 740 680 autem
773 619 930 679 hunc
960 615 1140 677 habet
1175 637 1187 675 :
1224 615 1508 677 Bethanii
1544 615 1786 696 quidem
1821 615 2032 672 dumus
2066 614 2214 676 obe-

545 705 1594 785 dientiaeinterpretatur,Dethphage
1613 703 1986 777 veru,domus
2014 705 2214 766 maxil-

549 797 736 858 larum
755 847 764 858 .
783 800 919 858 Erat
944 813 1087 855 sane
1112 795 1274 855 vicus
1295 793 1673 855 sacerdotum
1707 791 1936 853 Etenim
1968 793 2217 855 maxillae

546 885 962 947 sacerdotibus
994 884 1310 960 dabantur,
1343 884 1492 943 sicut
1523 883 1582 943 in
1601 883 1745 961 lege
1776 881 2062 958 scriptum
2100 891 2210 944 est.

547 974 843 1036 Iudicatur
865 983 1062 1034 autem
1090 992 1195 1052 per
1218 972 1481 1032 maxillas
1503 989 1699 1031 sermo
1715 970 2214 1051 tluctrinm,que1n

547 1063 892 1143 spirituales
927 1061 1182 1123 maxilla;
1205 1057 2021 1140 efﬁciunt,etattenuantllbi
2047 1061 2223 1136 igitur

563 1155 776 1214 domus
791 1151 1081 1212 sermonis
1095 1150 1472 1223 doctrinae,et
1493 1149 1847 1210 obedientiae
1863 1170 2000 1232 erga
2025 1149 2216 1213 illum.

564 1242 700 1304 illuc
723 1239 1316 1318 mittunturdiscipnli
1344 1237 1669 1312 Domini,et
1687 1239 2215 1322 solvuntpopnlum

563 1332 788 1392 catenis
813 1339 1188 1410 peccatorum
1219 1329 1480 1406 ligatum,
1511 1328 1829 1409 multisque
1854 1334 2010 1391 curis
2041 1331 2170 1392 vitai
2197 1353 2210 1393 :

2302 530 2432 600 λων,
2483 530 2748 601 τουτέστι,
2805 532 2910 587 τῶν
2955 530 3384 595 ἀποσταλέντων.
3420 542 3585 592 Τοῦτο
3637 533 3692 592 δὲ
3738 539 3967 594 τοιοῦτόν

2303 613 2415 672 ἐστι
2445 632 2459 646 ⁸
2515 619 2740 684 Βηθανία
2786 618 2883 694 μὲν
2929 620 3086 684 οἶκος
3130 622 3371 690 ὑπακοῆς
3407 623 3778 702 ἑρμηνεύεται,
3835 630 3968 692 Βηθ-

2301 707 2447 786 φαγὴ
2505 704 2560 762 δὲ
2617 709 2774 774 οἷοιος
2830 709 3115 790 σιαγόνων,
3190 713 3457 789 ἱερατικὸς
3500 715 3575 770 ὢν
3623 716 3809 780 τόπος.
3873 720 3967 773 Καὶ

2300 797 2401 875 γὰρ
2458 796 2702 875 σιαγόνες
2749 810 2867 860 τοῖς
2922 799 3146 874 ἱερεῦσιν
3190 798 3440 874 ἐδίδοντο,
3487 803 3562 867 ὡς
3608 802 3662 858 ἐν
3701 809 3778 876 τῷ
3820 805 3966 879 νόμῳ

2303 884 2723 965 ἀναγέγραπται.
2790 885 3066 956 Δηλοῦται,
3100 886 3154 943 δὲ
3199 886 3284 945 διὰ
3327 891 3432 945 τῶν
3466 893 3728 970 σιαγόνων
3787 895 3816 948 ὁ
3871 898 3963 969 τῇς

2301 972 2636 1040 διδασκαλίας
2681 973 2865 1055 λόγος,
2926 977 3001 1033 ὢν
3051 978 3102 1033 αἶ
3146 980 3373 1058 ψυχικαὶ
3431 981 3674 1058 σιαγόνες
3711 983 3966 1060 κατεργά-

2301 1071 2501 1139 ζονται,
2558 1067 2645 1121 καὶ
2727 1064 3090 1126 λεπτύνουσιν.
3178 1067 3360 1125 ’Ἔνθα
3416 1069 3588 1126 τοίνυν
3647 1071 3802 1135 οἶκος
3872 1079 3964 1128 τοῦ

2301 1151 2465 1231 λόγου
2521 1161 2612 1211 τοῦ
2666 1151 3059 1236 διδασκαλικοῇ
3116 1158 3206 1213 καὶ
3262 1157 3356 1225 τῆς
3399 1160 3534 1237 πρὸς
3577 1161 3761 1216 τοῦτον
3818 1162 3958 1216 ῦπα-

2300 1247 2456 1316 κοῆς,
2517 1241 2634 1300 ἐκεῖ
2677 1241 2986 1301 στέλλονται
3044 1248 3091 1300 οἱ
3149 1252 3240 1302 τοῦ
3301 1249 3490 1326 Κυρίου
3553 1250 3811 1323 μαθηταὶ,
3873 1252 3961 1306 καὶ

2300 1328 2480 1390 λύουσι
2538 1333 2630 1388 τὸν
2706 1347 2827 1398 ταῖς
2906 1347 3111 1413 σειραῖς
3183 1332 3457 1410 δεδεμένον
3527 1344 3633 1393 τῶν
3691 1338 3961 1418 ἁμαρτιῶν

565 1430 625 1481 et
649 1440 750 1500 pro
775 1440 845 1481 eo
875 1417 1030 1499 quod
1057 1417 1231 1478 habet
1259 1417 1472 1476 multus
1517 1417 1791 1478 dominus
1839 1431 1895 1479 et
1921 1421 2091 1496 deos,
2121 1422 2201 1482 fa-

2295 1417 2445 1500 λαόν,
2505 1421 2593 1477 καὶ
2652 1433 2778 1486 ταῖς
2824 1423 3057 1501 φροντίσι
3116 1423 3207 1478 τού
3253 1423 3366 1500 βίου
3416 1437 3538 1490 ταῖς
3581 1417 3963 1504 πολλαῖς,’καὶ

563 1512 725 1572 ciunt
747 1528 881 1569 eum
905 1508 1125 1569 habere
1141 1525 1322 1568 unum
1339 1506 1856 1568 DominumJesum
1883 1509 2201 1586 Christum,

2295 1508 2407 1566 ἀντὶ
2436 1516 2550 1585 τοῦ,
2581 1508 2812 1574 πολλοὺς
2843 1511 2993 1590 ἔχειν
3035 1511 3267 1592 κδρίοος,
3329 1514 3420 1570 καὶ
3493 1515 3664 1584 θεοὺς,
3719 1523 3964 1572 ποιοῦσιν

566 1608 620 1659 et
654 1617 830 1659 unum
863 1596 1044 1658 Deum
1083 1594 1458 1658 Patrem.Ubi
1493 1605 1688 1658 autem
1732 1616 1848 1657 non
1877 1609 1964 1659 est
1999 1599 2201 1660 domus

2294 1599 2450 1684 αῦτὸν
2494 1597 2645 1679 ἔχειν
2673 1598 2763 1656 ἕνα
2795 1601 2980 1679 Κύριον
3013 1598 3242 1682 Ἰησοῦν,
3276 1605 3364 1658 καὶ
3393 1601 3486 1658 ἕνα
3549 1604 3677 1660 Θεὸν
3723 1602 3958 1684 Πατέρα,

565 1686 945 1766 υιιειίἱειιιίω,
979 1686 1068 1746 vel
1095 1685 1395 1762 susceptio
1421 1683 1582 1745 verbi
1607 1686 1915 1761 doctrinae,
1951 1688 2031 1749 ibi
2067 1689 2201 1749 illud

2300 1676 2484 1745 ”Οπου
2540 1690 2642 1768 γὰρ
2687 1689 2782 1745 οὒκ
2823 1688 2970 1745 ἔστιν
3014 1690 3169 1755 οἶκος
3227 1691 3492 1765 ὑπακοῆς,
3526 1689 3640 1750 οὐδὲ
3670 1676 3960 1772 παραδᾶχὴ
4041 1727 4046 1730 -

569 1798 681 1836 non
715 1777 804 1855 ﬁt,
829 1795 1020 1855 neque
1056 1775 1250 1853 pullus
1281 1774 1545 1834 solvitur.
1589 1778 1745 1836 Duos
1775 1787 1969 1837 autem
2003 1779 2201 1838 missus

2295 1775 2456 1855 λόγου
2536 1775 2929 1852 διδασκαλικοῡ,

568 1885 721 1937 esse,
753 1869 861 1927 hoc
894 1865 1030 1937 vult,
1057 1864 1209 1942 quod
1249 1863 1303 1922 in
1338 1863 1699 1924 addncliene
1733 1865 1934 1944 populi
1973 1867 2214 1944 gentilis

567 1957 635 2016 ad
658 1955 954 2017 Christum
983 1962 1040 2012 ut
1064 1951 1342 2012 obediant
1360 1951 1563 2025 ei,duo
1582 1951 1820 2011 ordines
1850 1955 2209 2024 ministrent,

569 2045 959 2127 prophetam
1015 2040 1284 2120 apostoli.
1317 2040 1389 2101 Et
1417 2040 1643 2101 ducunt
1672 2059 1806 2102 eum
1841 2061 1910 2103 ex
1943 2045 2208 2119 castello,

570 2144 632 2195 ut
648 2135 945 2194 discamus
968 2131 1152 2190 fuisse
1169 2130 1449 2209 populum
1464 2129 1632 2191 valde
1651 2147 1912 2192 crassum
1931 2141 1988 2192 et
2011 2133 2212 2194 ineru-

565 2221 1064 2286 ditum.Nondum
1095 2221 1252 2280 enim
1283 2221 1516 2280 sederat
1541 2238 1719 2300 super
1736 2238 1869 2282 eum
1894 2239 2092 2284 sermo
2120 2226 2213 2286 vel

565 2311 974 2384 Mosaicus,vel
1007 2308 1526 2388 propheticus,sed
1558 2309 1752 2388 pullus
1791 2320 1914 2370 erat
1950 2311 2208 2373 indomi-

559 2411 677 2464 tus.
703 2399 979 2472 Quamvis
1028 2407 1222 2458 autem
1251 2397 1611 2475 evangelista
1634 2397 1785 2457 alius
1817 2398 1959 2459 dixit
1993 2419 2208 2479 pueros

556 2490 737 2551 fuisse
769 2489 864 2568 qui
897 2483 1540 2549 clamabantzllusanra
1565 2484 1681 2546 ﬁlio
1705 2485 1884 2547 David
1916 2488 2022 2563 99;
2053 2499 2205 2551 atta-

561 2598 692 2639 men
729 2589 784 2639 et
816 2577 899 2637 illi
922 2573 1307 2635 insinuabant
1332 2594 1542 2634 novum
1579 2576 1855 2654 populum
1891 2576 2203 2641 Credendo

555 2673 715 2728 enim
744 2667 945 2729 Jesuzn
993 2684 1058 2726 ex
1088 2666 1321 2725 semine
1352 2662 1530 2724 David
1570 2665 1903 2725 secundum
1957 2685 2201 2729 carnem
2231 2677 2236 2680 ’

554 2756 922 2838 apparuisse,
985 2753 1232 2832 gloriam
1273 2752 1605 2813 retulerunt
1663 2755 1808 2828 Deo,
1872 2758 2199 2818 secundum

554 2849 709 2927 quod
744 2845 1026 2923 scriptum
1060 2850 1167 2904 est:
1231 2841 1488 2921 Populus
1537 2843 1636 2921 qui
1671 2851 1929 2916 creatur,
1992 2845 2201 2908 lauda-

558 2937 644 2995 bit
671 2934 982 2996 Dominum
1018 2936 1061 2994 ι.
1099 2931 1598 2992 Vcstimentorum
1624 2941 1822 2992 autem
1856 2933 2200 3016 subltratio,

552 3025 887 3100 signiﬁcare
913 3022 1141 3083 videtur
1169 3020 1324 3100 quod
1385 3019 1546 3082 exuti
1579 3021 1877 3081 hominem
1914 3040 1956 3078 ν·
1984 3028 2199 3085 terem.

3011 1781 3247 1836 τοιοῦτόν
3316 1801 3366 1835 τι
3425 1780 3485 1836 οῦ
3543 1781 3740 1858 γίνεται
3813 1782 3957 1857 ἐκεῖ,

2296 1863 2410 1922 οῦδὲ
2460 1865 2640 1923 λύεται
2685 1869 2712 1922 ὁ
2753 1865 2957 1931 πῶλος,
3010 1867 3112 1924 Δύο
3155 1865 3211 1922 δὲ
3255 1867 3400 1932 ὄντες
3446 1871 3494 1927 οἱ
3538 1868 3957 1945 ἀπεσταλμένοι,

2294 1962 2448 2011 τοῦτο
2503 1956 2840 2030 αἰνίττονται,
2894 1954 2979 2012 ὅτι
3039 1955 3107 2023 τῆ
3145 1963 3246 2013 τοῦ
3301 1956 3504 2014 ἐθνικοῦ
3560 1956 3691 2018 λαοῦ
3745 1981 3958 2039 προσα-

2295 2049 2471 2122 γωγῇ,
2531 2045 2616 2100 καὶ
2674 2051 2743 2120 τῇ
2787 2050 2918 2122 πρὸς
2980 2046 3203 2122 Χριστὸν
3256 2045 3501 2122 ὑποταγῆ
3561 2042 3648 2101 δύο
3705 2047 3959 2123 τάγματα

2296 2135 2635 2212 ὑπουργοῦσι,
2693 2139 2984 2212 προφῆται,
3051 2134 3137 2188 καὶ
3195 2131 3517 2193 ἀπόστολοι.
3581 2135 3679 2192 Καὶ
3736 2132 3960 2212 ἄγουσιν

2296 2219 2453 2277 αὐτὸν
2496 2221 2557 2278 ἕκ
2597 2244 2738 2286 τινος
2807 2221 3024 2300 κώμης,
3103 2221 3194 2276 ἵνα
3249 2222 3500 2298 μάθωμεν
3557 2219 3636 2278 ὅτι
3707 2222 3958 2300 ἀγροικίᾳ

2293 2308 2470 2388 πολλῇ
2515 2315 2674 2380 συνῆν
2704 2313 2732 2366 ὁ
2783 2309 2912 2374 λαὸς
2955 2311 3106 2373 οὗτος
3163 2312 3251 2366 καὶ
3311 2308 3641 2383 ἀπαιδευσίᾳ,
3693 2313 3790 2368 Καὶ
3849 2313 3957 2390 γὰρ

2291 2396 2408 2454 οὐδὲ
2462 2400 2700 2456 ἐκάθισεν
2755 2397 2839 2455 ἐπ’
2891 2400 3047 2455 αὐτὸν
3098 2397 3346 2455 οὐδέποτε
3373 2397 3534 2477 λόγος
3565 2399 3600 2467 ἢ
3631 2403 3954 2480 Μωσαῐκὸς,

2288 2487 2324 2555 ἢ
2367 2489 2716 2568 προφητικὸς,
2778 2486 2913 2543 ἀλλὰ
2965 2485 3145 2551 πῶλος
3188 2487 3254 2555 ἧν
3284 2484 3615 2550 ἀπαίδευτος.
3653 2489 3710 2544 Εἰ
3744 2485 3802 2543 δὲ
3831 2491 3949 2563 καὶ,

2287 2578 2362 2642 ὡς
2411 2575 2587 2656 ἕτερος
2641 2583 2750 2632 τῶν
2815 2575 3205 2656 εῦαγγελιστῶθ
3266 2576 3392 2656 ἔφη,
3452 2575 3642 2640 παῖδες
3700 2577 3838 2643 ἦσαν
3899 2581 3949 2635 οἱ

2284 2667 2516 2742 βοῶντες
2547 2668 2630 2724 τὸ.
2667 2657 2895 2722 ἰὶσαννα
2924 2673 3002 2741 τῷ
3030 2667 3126 2740 υἱῷ
3161 2664 3351 2741 Δαυῗδ,
3393 2667 3482 2721 καὶ
3511 2667 3652 2721 οὗτοι
3684 2664 3744 2720 ἂν
3774 2668 3942 2723 ὑπαι-

2285 2755 2546 2812 νίττοιντο
2603 2757 2692 2812 τὸν
2726 2756 2881 2811 αὐτὸν
2925 2755 3040 2811 νέον
3073 2754 3224 2828 λαὸν,
3272 2752 3354 2810 διὰ
3394 2762 3488 2810 τοῦ
3543 2755 3809 2812 πιστεύειν
3865 2764 3944 2832 τῷ

2289 2844 2468 2911 Ἰησοῦ
2508 2851 2569 2900 ἐκ
2597 2846 2900 2923 σπέρματος
2935 2841 3102 2899 Δαυῖδ
3150 2844 3301 2923 σαρκὶ
3330 2843 3564 2923 φανέντι,
3597 2841 3748 2908 δόξαν
3804 2845 3938 2900 ἆνα-

2286 2932 2588 3008 πέμποντες
2635 2940 2749 3008 Θεῷ
2809 2934 2944 2989 κατὰ
2973 2933 3033 2988 τὸ
3063 2933 3454 3010 γεγραμμένον,
3500 2933 3642 2996 Λαὸς
3685 2935 3713 2988 ὁ
3755 2935 3926 3004 κκιξό-

2286 3045 2445 3099 μενος
2477 3022 2669 3079 αἰνέσει
2701 3024 2791 3078 τὸν
2837 3022 3047 3101 Κύριον,
3085 3014 3147 3078 Ἠ
3179 3020 3234 3076 δὲ
3263 3028 3370 3078 τῶν
3418 3022 3639 3098 ἱματίων
3673 3022 3927 3100 ὑπόπρω-

553 3115 694 3176 449
721 3111 1011 3193 quidigni
1040 3124 1179 3171 sunt
1237 3109 1479 3170 laudare
1533 3111 1759 3183 Jesum,
1823 3108 2201 3173 subslernant

2284 3134 2365 3176 σις
2395 3119 2549 3169 τοῦτο
2578 3112 2856 3188 σημαίνειν
2889 3109 3080 3186 ἔοικεν,
3117 3109 3198 3166 ὅτι
3257 3109 3565 3186 ἐκδυόμενοι
3595 3113 3690 3167 τὸν
3714 3109 3932 3167 παλαιὸν

554 3204 719 3264 illum
746 3203 811 3262 ‘et
845 3199 1162 3278 subjiciam
1192 3197 1326 3277 ipsi,
1363 3206 1424 3258 ut
1454 3217 1588 3258 cum
1621 3198 1988 3275 ascenderit,
2021 3218 2199 3265 sanc-

553 3292 739 3352 tiﬁcet
767 3308 928 3369 eum,
957 3299 1016 3350 et
1043 3307 1158 3349 non
1187 3287 1342 3348 ultra
1365 3287 1654 3368 repugnet
1678 3305 1816 3347 caro
1843 3289 2104 3368 Spiritui,
2141 3300 2204 3352 ut

553 3390 606 3441 et
632 3380 744 3462 ipsi
764 3382 991 3460 possint
1013 3378 1236 3439 dicere:
1268 3375 1583 3456 Subjectus
1604 3375 1685 3436 fui
1709 3375 2053 3453 Domino,et
2073 3399 2204 3442 ora-

550 3470 603 3530 vi
627 3488 762 3530 eum
782 3468 1023 3530 ἔροιτο
1048 3484 1282 3526 omnem
1315 3465 1753 3526 multitudinem
1773 3465 2200 3547 discipulorum

551 3558 697 3618 dixit
719 3557 904 3619 Lucas
934 3555 1174 3616 laudare
1205 3557 1429 3617 Deum:
1457 3552 1783 3633 discipulos
1815 3573 2028 3617 vocans
2049 3558 2197 3618 sim-

553 3646 786 3725 pliciter
813 3663 1022 3706 omnes
1051 3643 1154 3725 qui
1211 3649 1540 3722 sequuntur
1565 3645 1793 3718 Jesum,
1847 3663 1966 3706 non
2005 3647 2195 3707 solum

549 3735 888 3809 duodecim,
923 3733 1013 3795 vel
1045 3733 1434 3813 septuaginta,
1469 3731 1574 3791 sed
1605 3748 1822 3792 omnen
1857 3733 2194 3796 multitudi-

549 3842 682 3885 nem
713 3841 844 3905 quae
873 3822 964 3884 vel
985 3829 1227 3902 propter
1251 3820 1556 3890 miracula,
1585 3819 1676 3880 vel
1709 3819 1782 3880 ad
1812 3830 2044 3902 tempus
2072 3831 2195 3884 tra-

550 3913 854 3974 hebatura
883 3911 1155 3974 doctrina
1187 3906 1862 3989 utsequereturJesum,
1899 3910 1956 3970 in
1997 3931 2113 3992 qua
2137 3923 2198 3974 et

551 4019 766 4082 pueros
787 4001 970 4062 fuisse
993 3999 1315 4060 verisimile
1364 4007 1474 4074 est,
1506 3997 1658 4060 sicut
1680 3998 1782 4059 alii
1823 4002 2195 4079 evangelista;

545 4092 912 4162 dixeruntget
931 4090 990 4150 hi
1012 4087 1556 4165 afﬂatiDeo,regem
1576 4087 1738 4149 illum
1759 4089 2196 4152 confitebantur

545 4182 603 4242 in
631 4180 872 4242 nomine
894 4179 999 4242 Dei
1015 4177 1469 4258 venturum,hoc
1483 4185 1667 4257 eSt,ut
1695 4181 1970 4258 Deum;et
1986 4196 2191 4258 pacem

543 4270 749 4331 dicunt
780 4270 841 4330 in
871 4269 1160 4350 cmlo,pro
1194 4286 1262 4329 eo
1291 4266 1450 4348 quod
1479 4275 1590 4328 est:
1618 4267 1937 4347 Antiquum
1968 4267 2190 4328 bellum

543 4363 698 4440 quod
718 4359 1033 4421 habuimus
1053 4367 1258 4420 contra
1290 4361 1502 4430 Deum,
1523 4356 1888 4436 diremptum
1915 4363 2026 4418 est.
2055 4359 2190 4420 Non

544 4450 702 4509 enim
738 4456 860 4509 erat
891 4448 950 4508 in
980 4456 1136 4509 terra
1167 4463 1271 4508 rex
1320 4447 1500 4523 Deus,
1533 4462 1690 4506 nunc
1721 4452 1918 4506 autem
1951 4445 2190 4507 invento

2284 4472 2458 4527 μενον,
2519 4449 2812 4529 τουτέστιν,
2871 4451 2944 4513 ὡς
3005 4450 3161 4529 Θεὸν,

2282 3200 2556 3281 ἄνθρωπον
2611 3204 2658 3258 ol
2712 3200 2847 3267 ἄξιοι
2905 3200 3051 3263 ὄντες
3095 3202 3281 3266 ὑμνεῖν
3338 3202 3432 3256 τὸν
3499 3198 3735 3276 Ἰησοῦν,
3807 3202 3941 3256 ὓπο-

2283 3291 2658 3370 στρωννύουσιν
2715 3290 2895 3363 αὐτὸν,
2979 3290 3065 3345 καὶ
3149 3289 3528 3346 ῦποτάττουσιν
3608 3293 3779 3366 αὐτῷ,
3852 3290 3939 3345 ἵνα

2282 3378 2468 3446 ἐπιϐὰς
2528 3382 2706 3460 αὐτοῦ,
2782 3381 2980 3458 ἁγιάσῃ
3053 3378 3233 3455 tat-313v,
3305 3378 3392 3434 καὶ
3471 3377 3667 3454 μηκέτι
3724 3382 3760 3448 ἡ
3817 3378 3941 3458 σὰρξ

2282 3471 2630 3537 ἐπανίστηται
2689 3474 2767 3542 τῷ
2826 3469 3106 3543 πνεύματι,
3154 3469 3228 3530 ὡς
3283 3465 3346 3523 ἂν
3411 3467 3498 3523 καὶ
3553 3469 3698 3526 αὐτοὶ
3769 3468 3940 3548 ἔχωσι

2283 3557 2482 3637 λέγειν,
2545 3550 2846 3636 Ὑπετάγην
2908 3562 2985 3630 τῷ
3037 3558 3231 3636 Κυρίῳ,
3308 3557 3396 3612 καὶ
3463 3555 3702 3616 ἱκέτευσα
3755 3556 3942 3619 αὐτόν.

2283 3646 2482 3704 ’¹Απαν
2526 3647 2580 3704 δὲ
2622 3650 2684 3703 τὸ
2727 3645 2928 3714 πλῆθος
2971 3647 3078 3703 τῶν
3122 3649 3375 3722 μαθητῶν
3419 3645 3520 3726 ἔφη
3565 3648 3593 3703 ὁ
3623 3652 3834 3710 Λουκᾶς
3865 3651 3946 3704 αἱ·

2282 3750 2395 3793 νεῖν
2451 3738 2541 3794 τὸν
2604 3738 2760 3813 Θεὸν,
2827 3736 3069 3812 μαθητὰς
3125 3734 3299 3813 λέγων
3354 3732 3535 3798 ἁπλῶς
3565 3736 3689 3799 τοὺς
3716 3734 3943 3793 ἀκολου-

2278 3829 2496 3889 θοῦντας
2545 3825 2746 3888 πάντας
2790 3828 2868 3898 τῷ
2925 3822 3122 3898 Ἰησοῦ,
3171 3827 3232 3882 οῦ
3296 3823 3416 3887 τοὺς
3458 3821 3660 3881 δώδεκα
3716 3825 3938 3900 μόνους,

2279 3913 2394 3972 οὒδὲ
2450 3915 2574 3978 τοὺς
2619 3911 3007 3991 ἐϐδομήκοντα,
3054 3912 3191 3969 ἀλλὰ
3233 3914 3326 3969 τὸν
3373 3911 3538 3992 ὄχλον
3582 3909 3791 3970 ἅπαντα
3849 3918 3944 3972 τὸν

2278 4003 2314 4072 ἢ
2362 4002 2391 4059 δ
2402 4005 2452 4060 ιὰ
2504 4003 2688 4084 χρείαν
2716 4003 3022 4078 θαυμάτων,
3054 4002 3091 4069 ἢ
3120 4000 3204 4058 διὰ
3233 4003 3295 4058 τὸ
3324 4003 3458 4077 πρὸς
3502 4004 3687 4082 καιρὸν
3742 4001 3940 4082 θέλγε-

2278 4097 2394 4150 σθαι
2452 4095 2554 4150 ὑπὸ
2598 4093 2696 4160 τῆς
2752 4089 3089 4156 διδασκαλίας
3147 4089 3534 4151 ἀκολουθοῦντα
3601 4099 3677 4167 τῷ
3729 4089 3938 4168 Ἰησοῦ,

2277 4181 2331 4238 ἐν
2389 4186 2474 4246 οἷς
2535 4183 2672 4248 εἰκὸς
2727 4182 2815 4238 καὶ
2870 4183 3038 4251 νήπια
3093 4180 3480 4262 ἀναμεμίχθαι,
3555 4183 3689 4238 καθὰ
3765 4181 3937 4262 ἕτεροι

2277 4273 2434 4330 εἷπον
2484 4269 2857 4350 ετδαγγελισταί
2889 4287 2903 4301 ⁸
2970 4271 3386 4352 Θεοφορούμενοι
3443 4269 3497 4326 δὲ
3556 4273 3723 4352 οῦτοι,
3783 4273 3939 4348 βασι-

2274 4359 2370 4419 λέα
2440 4362 2566 4418 αὐτὸ
2635 4359 3076 4439 ἆνομολογοῦσιν,
3131 4359 3184 4415 ἐν
3241 4360 3461 4436 ὀνόματι
3523 4359 3707 4439 Κυρίου
3758 4361 3932 4440 ἐρχό-

3221 4450 3334 4521 καὶ,
3389 4449 3610 4527 Εἰρήνη,
3657 4450 3838 4530 φασὶν,
3878 4449 3935 4506 ἐν

539 4536 664 4598 Deo
700 4555 878 4616 super
908 4547 1151 4609 terram,
1189 4533 1402 4596 merito
1439 4551 1546 4613 pax
1577 4533 1638 4593 in
1668 4532 1838 4608 cmlo,
1875 4542 1934 4594 et
1965 4533 2191 4594 idcirco

2284 4542 2501 4620 οὐρανῳ,
2567 4540 2680 4596 ἀντὶ
2720 4545 2839 4611 τοῦ,
2901 4529 2959 4595 Ὀ
3007 4537 3236 4599 παλαιὸς
3284 4537 3545 4618 πόλεμος,
3590 4537 3650 4594 ὃν
3699 4529 3935 4620 εἴχομεν

544 4630 732 4708 gleria
781 4635 839 4692 in
899 4627 1227 4708 altissimis,
1315 4625 1544 4704 angelis
1599 4625 2070 4704 gloriﬁcantibus
2129 4625 2188 4687 in

544 4718 764 4780 unione
784 4727 842 4780 et
862 4717 1278 4779 conciliatione
1301 4715 1398 4775 tali
1423 4732 1598 4794 quam
1621 4712 1794 4774 nobis
1815 4732 1916 4775 rex
1955 4723 2010 4774 et
2033 4715 2190 4776 Deus

541 4807 640 4888 qui
661 4806 819 4888 pullo
851 4805 1356 4882 vehitur,largitus
1389 4802 1742 4865 est.Etenim
1777 4803 1931 4864 istud
1966 4805 2183 4883 ipsum,

540 4897 696 4977 quod
728 4896 874 4958 deus
905 4895 1161 4957 existens
1190 4912 1369 4973 super
1396 4901 1612 4953 terram
1637 4892 1998 4972 apparuerit,
2035 4900 2093 4955 et
2125 4893 2187 4956 in

543 4985 788 5065 regione
819 4985 1195 5046 inimicorum
1229 5000 1472 5043 suorum
1521 4979 1930 5056 ambulaverit,
1966 4982 2190 5043 indicat

539 5075 732 5138 fmdus
761 5076 976 5137 factum
1012 5075 1166 5134 inter
1190 5090 1298 5132 nos
1329 5088 1381 5131 et
1413 5071 1630 5150 ipsum.
1669 5069 1848 5131 Porro
1901 5069 2182 5132 Pharisaei

539 5163 988 5226 murmurabant
1019 5163 1176 5244 quod
1207 5178 1406 5240 regem
1464 5178 1598 5220 eum
1633 5159 2038 5221 nominaverat
2071 5179 2142 5240 po
2167 5195 2180 5206 -

535 5253 797 5335 pulus,et
826 5254 981 5335 quod
1009 5263 1070 5315 ut
1093 5251 1279 5314 Deum
1312 5248 1671 5312 laudaverat.
1703 5249 1793 5311 Ad
1823 5249 2180 5312 seditionem

531 5343 691 5403 enim
724 5343 1027 5422 pertinere
1049 5356 1267 5402 nomen
1297 5339 1478 5418 regis,
1535 5346 1595 5400 et
1624 5337 1698 5398 ad
1744 5336 2180 5418 blasphemiam

533 5426 766 5492 Domini
791 5429 1229 5494 existimabant.
1261 5429 1335 5491 At
1357 5427 1648 5491 Dominus
1681 5447 1694 5488 :
1730 5426 1794 5490 Si
1850 5427 1931 5502 hi,
1968 5426 2181 5507 inquit,

541 5597 544 5600 ’
611 5608 678 5658 99
714 5606 914 5670 Matth.
948 5621 1073 5682 ul,
1101 5607 1164 5671 9.
1248 5608 1269 5649 ί
1306 5605 1458 5669 Psal.
1491 5623 1572 5684 cn,
1605 5610 1704 5672 l9.

2273 4632 2404 4708 πρὸς
2447 4631 2540 4685 τὸν
2584 4629 2735 4703 Θεὸν,
2781 4625 3067 4693 κατελύθη.
3101 4631 3174 4686 Οῦ
3229 4628 3328 4707 γὰρ
3357 4627 3424 4694 ἦν
3453 4626 3506 4682 ἐν
3534 4634 3605 4703 τῇ
3764 4629 3930 4703 βασι-

2275 4717 2394 4783 λεὺς
2452 4718 2604 4781 Θεός.
2663 4715 2766 4774 Νῦν
2813 4714 2867 4771 δὲ
2923 4722 3016 4772 τοῦ
3067 4722 3200 4774 Θεοῦ
3243 4715 3538 4796 ἐρχομένου
3571 4715 3658 4773 ἐπὶ
3687 4717 3815 4795 γῆς,
3849 4719 3930 4772 εἷο

2273 4808 2411 4885 ρήνη
2443 4805 2660 4868 εἰκότως
2718 4807 2774 4861 ἐν
2824 4807 3052 4884 οὐρανῷ.
3105 4806 3205 4862 Καὶ
3234 4801 3318 4860 διὰ
3345 4814 3499 4863 τοῦτο
3528 4801 3650 4870 δόξα
3703 4803 3758 4862 ἐν
3801 4806 3934 4882 ὑψί-

2271 4917 2451 4976 στοις,
2533 4901 2640 4952 τῶν
2717 4893 2962 4973 ἀγγέλων
3040 4891 3362 4965 δοξαζόντων
3433 4894 3518 4951 ἐπὶ
3581 4901 3650 4971 τῇ
3705 4897 3932 4970 τοιαύτῃ

2270 4985 2482 5062 ἐνώσει,
2540 4987 2628 5041 καὶ
2683 4983 3018 5064 καταλλαγῇ,
3080 4983 3148 5051 ἢν
3191 4985 3327 5059 ἡμῖν
3370 4985 3398 5040 ὁ
3424 4985 3510 5040 ἐπὶ
3554 4983 3738 5040 πώλου
3768 4984 3933 5064 ἐρχό-

2250 5069 2425 5151 ’μενος
2457 5075 2704 5152 βασιλεὺς
2753 5075 2843 5129 καὶ
2897 5076 3025 5137 Θεὸς
3056 5072 3362 5153 ἐχαρίσατο.
3397 5073 3532 5129 Λῦτὸ
3588 5074 3690 5153 γὰρ
3744 5083 3932 5149 τοῦτο,

2262 5165 2324 5222 τὸ
2383 5166 2513 5221 Θεὸν
2569 5155 2697 5244 ὄντα
2746 5161 2831 5219 ἐπὶ
2887 5163 2990 5241 γῆς
3034 5161 3328 5242 φαίνεσθαι,
3388 5162 3478 5219 καὶ
3534 5161 3589 5217 ἐν
3643 5167 3714 5240 τῇ
3769 5163 3932 5244 χώρᾳ

2263 5255 2418 5329 ἡμῶν
2451 5258 2558 5311 τῶν
2602 5243 2808 5333 ἐχθρῶν
2853 5250 3011 5308 αὐτοῦ
3071 5264 3414 5331 περιπατεῖν,
3474 5249 3633 5318 δηλοῖ
3692 5243 3933 5316 σπονδὰς

2265 5342 2503 5421 γενέσθαι
2547 5339 2742 5418 μεταξὺ
2800 5341 2956 5417 ἡμῶν
3011 5340 3100 5396 καὶ
3154 5343 3338 5403 αὐτοῦ.
3394 5341 3454 5398 0i
3522 5338 3579 5396 δὲ
3635 5347 3934 5421 Φαρισαῖοι

2265 5429 2626 5512 διεγόγγυζον,
2681 5428 2762 5486 ὅτι
2821 5451 2879 5485 τε
2940 5427 3164 5508 βασιλέα
3193 5429 3354 5487 αὐτὸν
3383 5427 3625 5504 ὠνόμαζε
3656 5431 3720 5486 τὸ
3775 5428 3935 5500 πλῆ-

1793 5607 1820 5649 ³
1848 5607 2003 5671 Psal.
2027 5623 2227 5685 Χιινι,
2259 5609 2324 5671 6.
