4126 6282
250 348 402 413 1033

237 485 348 562 θος,
410 484 498 539 καὶ
537 479 618 539 ὅτι
677 486 751 548 ὡς
793 485 919 539 Θεὸν
964 483 1120 540 αὒτὸν
1173 484 1365 559 ὕμνουν
1405 505 1421 520 ⁶

239 572 339 648 γὰρ
402 571 574 650 φέρειν
617 574 678 628 τὸ
739 579 828 628 τοῦ
886 571 1146 649 βασιλέως
1219 572 1383 650 ὄνομα
1440 575 1891 654 ἐπιφημιζόμενον

237 661 402 735 αὗτῷ,
435 662 520 716 καὶ
564 663 636 722 εἰς
681 661 1021 738 βλασφημίαν
1051 663 1140 718 τοῦ
1178 664 1379 741 Κυρίου.
1419 655 1476 721 Ὀ
1507 663 1559 719 δέ
1594 679 1608 693 ⁸
1643 663 1767 721 Ἐὰν
1798 666 1889 720 οὗ·

236 771 344 821 τοι,
396 753 548 829 φησὶ,
595 753 963 823 σιωπήσωσιν,
1000 754 1046 806 οἱ
1080 750 1208 808 λίθοι
1265 750 1625 830 κεκράξονται.
1678 753 1762 820 Μὴ
1792 754 1890 831 γὰρ

235 840 722 919 καταχαριζόμενοί
753 864 841 916 μοι
873 841 1036 897 ταῦτά
1065 863 1220 921 φασιν
1252 844 1298 897 οἱ
1324 841 1610 920 ἅνθρωποι,
1647 841 1765 896 ἀλλ’
1797 843 1901 897 ἀπὸ
1932 844 2114 898 πατιῖιν

235 927 449 1000 ζὸμεννι
481 929 678 995 ταύτην
709 930 806 996 τὴν
835 927 1139 1006 δοξολογίαν
1170 930 1544 1010 προσφέρουσι,

443 1026 456 1038 μ
501 1017 514 1034 ε
584 1019 594 1034 ο
705 1017 731 1038 ν
977 1016 1052 1036 σαι
1158 1020 1208 1052 ..ἴ
1365 1019 1375 1040 Ι
1519 1017 1544 1040 τ’
1873 1020 1886 1039 9

325 1041 351 1070 α
422 1027 519 1073 hau.
571 1039 642 1078 ως
703 1039 921 1095 ηγγισεν
980 1037 1100 1073 ιοων
1169 1042 1256 1084 ,ην
1307 1018 1484 1090 πολιν,
1520 1019 1770 1078 ειιλαυσεν
1803 1021 1867 1074 ἐπ

235 1107 391 1184 αὕτῇ,
437 1105 608 1183 λέγων
652 1104 758 1184 ὅτι,
821 1108 876 1162 Εἰ
934 1105 1100 1182 ἔγνως
1164 1109 1250 1162 καὶ
1306 1109 1393 1186 σὺ,
1450 1113 1539 1164 καί
1589 1131 1650 1186 γε
1713 1110 1767 1166 ὲν
1821 1115 1889 1185 τῇ

233 1194 408 1271 ἡμέρᾳ
464 1216 556 1250 σου
613 1195 779 1270 ταύτῃ
849 1196 915 1249 τὰ
968 1196 1099 1271 πρὸς
1176 1197 1390 1272 εἰρήνην
1467 1219 1580 1259 σου,
1656 1207 1758 1256 Νῦν
1834 1197 1889 1254 δὲ

234 1281 428 1361 ἐκρύϐη
477 1284 579 1339 ὰπὸ
625 1281 909 1362 ὀφθαλμῶν
955 1306 1068 1342 σου.
1132 1273 1261 1340 HOtt
1307 1283 1514 1349 ἥξουσιν
1565 1287 1755 1363 ἡμέραι
1806 1287 1888 1346 ἐπὶ

234 1373 316 1446 σὲ,
378 1374 466 1428 καὶ
523 1369 893 1450 περιϐαλοῦσιν
952 1375 999 1427 οἱ
1057 1371 1237 1451 ἐχθροί
1287 1395 1379 1428 σου
1423 1375 1637 1453 χάρακά
1664 1399 1769 1449 σοι,
1803 1382 1889 1435 καὶ

232 1460 683 1541 περικυκλώσοοσί
742 1482 822 1528 σε,
883 1462 970 1516 καὶ
1028 1460 1289 1525 συνέξουσί
1348 1483 1406 1516 σε
1466 1464 1744 1535 πάντοθεν,
1803 1467 1890 1520 καὶ

230 1548 498 1629 ἐδαφιοῦσί
528 1571 608 1620 σε,
656 1550 744 1606 καὶ
786 1549 851 1604 τὰ
893 1550 1051 1606 τέκνα
1103 1572 1196 1608 σου
1245 1549 1300 1604 ἐν
1332 1550 1443 1630 σοί,
1478 1552 1558 1607 καὶ
1595 1555 1686 1608 οὒκ
1743 1553 1888 1632 ἁφή-

230 1662 410 1697 σουσιν
469 1639 523 1696 έν
568 1643 647 1696 σοὶ
691 1638 831 1695 λίθον
876 1639 960 1695 ἐπὶ
1004 1639 1152 1714 λίθῳ,
1211 1639 1320 1696 ἀνθ’
1349 1643 1421 1695 ὧν
1465 1643 1558 1697 οὒκ
1601 1642 1766 1719 ἔγνως
1798 1645 1889 1698 τὸν

229 1731 412 1804 καιρὸν
468 1733 568 1794 τῆς
627 1730 924 1793 ἐπισκοπῆς
982 1750 1099 1785 σου.
1169 1753 1191 1782 ιι
1247 1731 1427 1784 κλαίει
1485 1727 1569 1785 ἐπὶ
1613 1731 1681 1797 τῆ
1735 1729 1889 1786 πόλει

230 1818 306 1880 ὡς
365 1816 756 1896 φιλανθρώπος,
832 1819 889 1872 οὗ
948 1817 1047 1893 γὰρ
1109 1815 1294 1883 ἤθελεν
1351 1815 1605 1872 ἀπολέσαι
1657 1821 1775 1881 τοὺς
1833 1821 1890 1874 ἒν

228 1905 397 1982 ταύτῃ
447 1904 530 1960 διὰ
597 1905 657 1960 τὸ
715 1905 832 1960 καθ’

230 1995 300 2050 τὰ
350 1992 636 2071 σπλέγχνα
715 2001 807 2051 τοῦ
865 1991 1046 2056 ἐλέους
1118 1990 1202 2047 διὰ
1258 2000 1350 2048 τοῦ
1417 1991 1706 2069 κλαυθμοῦ.
1758 1985 1886 2052 ΗΟτι

230 2084 334 2161 γὰρ
390 2081 536 2149 ἠλέει
581 2083 763 2146 αὖτοὺς
825 2083 913 2138 καὶ
986 2085 1045 2139 οὗ
1099 2083 1258 2155 μόνον
1322 2084 1424 2160 πρὸ
1482 2089 1575 2138 τοῦ
1644 2092 1885 2160 σταυροῦ,

233 2170 373 2228 ἀλλὰ
423 2172 512 2227 καὶ
583 2171 719 2246 μετὰ
795 2173 886 2226 τὸν
956 2172 1176 2250 σταυρὸν
1237 2172 1322 2226 καὶ
1394 2171 1492 2237 τὴν
1569 2172 1887 2251 ἐπιστροφὴν

234 2263 408 2318 αὒτὼν
462 2257 638 2335 ἒδίψα,
689 2258 849 2325 δῆλον
899 2260 955 2316 ἐκ
1013 2267 1104 2316 τοῦ
1134 2260 1266 2334 μετὸν
1301 2268 1526 2316 τοσαῦτα
1567 2259 1689 2339 ἔτη,
1735 2283 1884 2340 τρια-

848 2347 1203 2427 παρέδραμον,
1309 2348 1625 2427 παραδοῦναι
1703 2349 1884 2412 αὐτοὺς

235 2450 356 2498 τοῖς
410 2427 710 2512 Ῥωμαίοις.
759 2437 974 2498 Πάντως
1020 2437 1119 2513 γὰρ
1167 2433 1234 2491 δι’
1279 2434 1425 2493 οὖδὲν
1476 2434 1605 2492 ἄλλο
1661 2438 1757 2504 τὴν
1799 2460 1884 2492 τι·

236 2526 439 2604 μωρίαν
484 2522 823 2596 ἀνεϐάλλετο,
885 2524 921 2591 ἢ
981 2521 1064 2579 διὰ
1119 2527 1216 2592 τὴν
1272 2525 1549 2600 ἐπιθυμίαν
1607 2531 1703 2592 τῆς
1762 2528 1885 2582 ἑπι-

235 2619 467 2693 στροφῆς
525 2613 718 2671 αὒτῶν.
801 2612 979 2670 Κλαίει
1061 2612 1148 2668 οὖν
1217 2612 1315 2680 τὴν
1393 2613 1735 2681 ἀναισθησίαν
1789 2620 1886 2682 τῆς

239 2694 602 2782 Ἰερουσαλὴμ,
659 2703 745 2757 καί
787 2724 948 2781 φησιν
983 2716 996 2728 ⁶
1049 2703 1106 2758 Εἰ
1147 2702 1314 2780 ἔγνως
1357 2705 1444 2759 καὶ
1489 2704 1550 2758 σὺ
1582 2703 1668 2759 καί
1713 2725 1775 2782 γε
1833 2704 1888 2760 ἐν

236 2797 307 2868 τῇ
352 2792 526 2870 ἡμέρᾳ
567 2803 735 2866 ταύτῃ
779 2792 844 2846 τὰ
889 2791 1018 2866 πρὸς
1064 2792 1276 2868 εἶρήνην
1334 2813 1447 2871 σου,
1508 2793 1798 2866 τουτέστιν,
1843 2795 1887 2849 εἷ

234 2880 402 2958 ἔγνως
464 2888 550 2937 νῦν
581 2880 617 2934 ὁὶ
659 2902 741 2936 σοι
787 2883 1060 2958 συμφέρει,
1106 2880 1193 2935 καὶ
1246 2881 1460 2955 εἰρήνην
1503 2883 1590 2936 καὶ
1647 2881 1884 2937 ἀνάπαυ-

233 2350 556 2405 κονταπέντε
643 2349 741 2426 γὰρ

234 2992 316 3024 σιν
375 2970 583 3047 ἐπάγει,
633 2969 668 3024 ἅ
695 2972 812 3025 τινά
843 2971 971 3025 εἰσιν
1013 2970 1048 3036 ἡ
1082 2969 1252 3029 πίστις
1292 2970 1326 3036 ἡ
1357 2972 1485 3046 πρὸς
1543 2969 1638 3044 ἐμὲ
1695 2971 1781 3026 καὶ
1822 2973 1884 3028 τὸ

236 3058 572 3138 ἀποσχέσθαι
633 3063 730 3125 τῆς
776 3055 894 3114 κη’
951 3057 1080 3132 ἐμοῦ
1136 3054 1439 3124 ἐπιϐουλῆς.
1501 3065 1603 3116 Νῦν
1647 3057 1700 3114 δὲ
1744 3059 1881 3115 ἀπεο

230 3145 401 3225 κρύόη
462 3147 566 3203 ἂπὸ
627 3145 911 3226 ὀφθαλμῶν
956 3168 1075 3225 σου,
1131 3145 1212 3200 ὅτι
1269 3143 1333 3201 δι’
1379 3145 1474 3221 ἐμὲ
1515 3147 1602 3201 τὸν
1646 3148 1747 3203 ὐπὸ
1792 3147 1884 3204 τοῦ

235 3241 606 3318 ἁθετούμενον,
666 3237 1064 3313 καταλήψονται
1149 3258 1207 3293 σε
1282 3239 1422 3294 κακὰ
1475 3238 1740 3317 ἀφόρητα,
1797 3241 1883 3295 καὶ

231 3327 357 3385 τάδε
416 3332 501 3384 καὶ
548 3326 670 3389 τάδε
725 3329 904 3403 πείσῃ,
967 3326 1077 3384 ἀνθ’
1134 3329 1208 3382 ὧν
1239 3330 1332 3384 οὒκ
1362 3327 1525 3406 ἔγνως
1571 3329 1660 3384 τόν
1703 3331 1886 3408 καιρὸν

235 3423 337 3484 τῆς
399 3417 695 3483 ἐπισκοπῆς
740 3438 858 3495 σου,
909 3415 1172 3491 τουτέστι,
1224 3420 1324 3482 τῆς
1377 3417 1510 3491 ἐμῆς
1574 3419 1880 3494 παρουσίας,

237 3505 330 3562 ὅτε
389 3506 548 3574 ἦλθον
605 3505 986 3580 ἐπισκέψασθαί
1061 3526 1119 3560 σε
1177 3506 1265 3561 καὶ
1328 3511 1526 3568 σῶσαι,
1588 3505 1744 3564 ’Ἔδει
1797 3510 1886 3563 οὖν

232 3596 434 3673 γνῶναί
485 3616 541 3649 σε
593 3595 658 3648 τὰ
713 3597 841 3670 πρὸς
901 3595 1113 3671 εἰρήνην
1187 3615 1303 3668 σου,
1351 3595 1438 3650 καὶ
1496 3605 1768 3656 πιστεῦσαι
1813 3598 1885 3659 εἷς

235 3683 355 3758 ἐμὲ,
417 3684 504 3739 καὶ
562 3682 719 3764 εἶχες
785 3682 845 3737 ἂν
901 3684 1115 3760 εἰρήνην
1173 3681 1278 3738 ἀπὸ
1325 3687 1432 3736 τῶν
1473 3674 1770 3760 Ῥωμαίων,
1802 3687 1890 3741 καὶ

235 3773 424 3838 πάσης
483 3771 766 3835 κακώσεως
827 3769 1169 3848 ἀπαλλαγήν.
1239 3771 1335 3827 Καὶ
1406 3773 1504 3850 γὰρ
1555 3775 1599 3828 οἱ
1669 3775 1889 3830 πιστεύ-

236 3881 428 3922 σαντες
484 3866 560 3933 τῷ
632 3865 840 3937 Χριστῳ
896 3859 1111 3933 πάντες,
1164 3863 1264 3924 τῆς
1317 3857 1568 3924 ἁλώσεως
1620 3862 1888 3940 ὑπέρτεροι

237 3949 543 4028 γεγόνασιν,
620 3947 757 4004 ὥστε
828 3949 871 4004 εἰ
927 3947 1121 4011 πάντες
1189 3946 1516 4023 ἐπίστευσαν,
1590 3948 1752 4014 οὐδεὶς
1827 3949 1890 4005 ἂν

241 4036 404 4099 ἑάλω.

327 4149 354 4180 ιι
413 4126 510 4183 Καὶ
568 4122 813 4181 εἰσελθὼν
869 4125 942 4188 εἰς
1017 4125 1077 4181 τὸ
1139 4127 1298 4202 ἱερὸν,
1354 4124 1547 4204 ἤρξατο
1611 4124 1888 4183 ἒκϐάλλειν

239 4215 360 4279 τοὺς
416 4212 724 4276 πωλοῦντας
786 4213 840 4270 ἐν
907 4215 1066 4294 ,αὒτῷ
1121 4215 1211 4270 καὶ
1285 4214 1658 4293 ἀγοράζοντας,
1719 4214 1887 4294 λέγων

241 4303 424 4367 αὐτοῖς
457 4321 471 4336 °
530 4301 850 4382 Γέγραπται,
904 4292 962 4359 Ὀ
1017 4301 1172 4364 οἶκός
1232 4323 1334 4378 μου
1374 4292 1525 4366 οἶκος
1583 4292 1887 4384 προσευχῆς

242 4393 387 4448 ἐστιν
419 4406 433 4420 ⁸
492 4391 647 4466 ὑμεῖς
691 4388 745 4447 δὲ
803 4390 959 4447 αὒνὸν
1002 4391 1293 4460 ἐποιήσατε
1337 4391 1598 4461 σπήλαιον
1652 4392 1888 4469 λῃστῶν.

242 4482 343 4538 Καὶ
401 4483 467 4548 ἦν
509 4477 766 4535 διδάσκων
808 4481 868 4536 τό
923 4479 1039 4536 καθ’
1083 4478 1289 4557 ἡμέραν
1348 4479 1400 4535 ἐν
1447 4485 1524 4553 τῷ
1550 4483 1692 4558 ἱερῷ.
1733 4485 1792 4539 Οἱ
1835 4481 1889 4538 δὲ

931 351 1032 416 ΕΝ
1038 354 1375 417 ΑΗΒΑΤΙΟ
1419 355 1501 417 ΙΝ
1549 351 1889 416 EVANGEI

1977 354 2059 413 ΕΜ
2107 354 2346 416 LUCAB.
2394 387 2473 398 —
2517 354 2680 416 CAP.
2729 355 2892 416 XIX.

3463 355 3620 421 1034

1484 487 1556 548 εἷς
1615 485 1889 566 ἆνταρσίαν

1982 490 2294 561 tacuerint,
2331 487 2559 565 lapides
2582 486 2941 551 clamabunt.
2978 487 3152 560 Quasi
3187 489 3450 552 diceret:
3484 492 3612 552 Non

1977 576 2098 637 haec
2131 576 2446 655 loquuntur
2479 577 2752 636 homines
2784 585 2845 636 ut
2875 577 3017 637 mihi
3050 578 3381 655 gratiﬁcent
3410 599 3478 652 .r,
3506 583 3607 642 sed

1973 683 2005 724 a
2038 664 2344 724 virtutibus
2377 673 2433 726 et
2465 665 2767 726 miraculis
2802 685 2932 746 quae
2963 666 3259 746 viderunt,
3307 669 3527 730 inducti
3559 684 3615 734 et

1975 753 2285 832 compulsi,
2323 754 2471 814 hanc
2494 753 2930 814 confessionem
2965 764 3017 814 et
3049 756 3292 834 gloriam
3326 757 3600 819 offerunt.

2125 891 2138 916 ,
2173 847 2247 897 ὧν
2280 842 2445 916 εἶδον,
2497 843 2766 917 δυνάμεων
2799 845 3122 918 τεειθίξμενοι,
3158 848 3241 900 καὶ
3276 870 3610 925 καταναγκα-

2057 1021 2210 1079 Vsus
2271 1021 2485 1082 42-44.
2540 1047 2561 1074 σ
2622 1024 2688 1083 Et
2738 1029 2799 1079 ut
2856 1023 3368 1101 appropinquavit,
3411 1026 3614 1085 videns

1970 1108 2288 1187 civitatem,
2323 1110 2482 1168 ﬂevit
2527 1127 2709 1188 super
2755 1109 2936 1171 illam.
2984 1110 3227 1174 (licens:
3278 1111 3336 1174 Si
3392 1133 3612 1192 cogno-

1973 1195 2176 1264 visse~,
2210 1208 2265 1255 et
2301 1206 2380 1266 tu,
2417 1205 2474 1256 et
2517 1197 2753 1275 quidem
2807 1197 2864 1256 in
2924 1198 3032 1257 isto
3081 1199 3176 1258 die
3228 1211 3345 1277 tuo,
3383 1220 3512 1281 quae
3541 1204 3613 1263 ad

1974 1305 2177 1358 pacem
2213 1295 2393 1346 tuam.
2435 1288 2599 1346 Nunc
2630 1296 2823 1346 autem
2858 1286 3199 1348 abscondita
3223 1301 3358 1350 sunt
3387 1292 3612 1351 abocu-

1974 1372 2041 1448 lis
2078 1382 2112 1428 ιι
2143 1372 2212 1437 is.
2251 1372 2386 1452 quia
2424 1373 2656 1433 venit-nl
2687 1373 2816 1434 dies
2848 1376 2906 1435 in
2951 1384 3027 1450 te,
3065 1385 3121 1437 et
3153 1377 3616 1444 circuim'iabont

1973 1466 2032 1521 te
2056 1459 2281 1521 iuimicn
2318 1462 2398 1521 tui
2433 1463 2602 1543 vallo,
2630 1472 2686 1522 et
2717 1463 2953 1540 cingent
2987 1476 3118 1525 teet
3147 1470 3613 1546 coaugustabunt

1973 1557 2027 1608 te
2066 1549 2349 1629 undique,
2385 1559 2444 1610 et
2474 1551 2600 1612 solo
2635 1551 2951 1630 aequabunt
2975 1561 3048 1624 to,
3087 1562 3141 1614 et
3167 1556 3317 1616 filios
3351 1568 3480 1618 tuos
3514 1561 3611 1639 qui

1973 1635 2028 1694 in
2068 1644 2119 1696 te
2151 1648 2306 1712 sunt,
2344 1643 2406 1699 et
2433 1657 2550 1700 non
2588 1641 2927 1720 relinquent
2954 1641 3010 1701 in
3048 1651 3100 1701 te
3147 1643 3400 1724 lapidem
3433 1635 3617 1726 super

1975 1723 2252 1805 lapidem,
2288 1745 2358 1787 eo
2392 1730 2545 1807 quod
2580 1745 2694 1787 non
2749 1728 3095 1806 cognoveris
3147 1723 3375 1813 tempus
3405 1723 3609 1797 visi-ta—

1976 1812 2153 1872 lionis
2186 1823 2316 1874 tua).
2361 1841 2380 1869 ι
2420 1818 2616 1878 Plorat
2646 1835 2825 1896 super
2853 1816 3081 1879 civitate
3135 1828 3196 1880 ut
3249 1812 3607 1897 misericors,

917 1905 1076 1960 αὖτοῦ
1135 1903 1414 1980 τόλμημα.
1479 1905 1743 1962 Δείκνυσιν
1801 1906 1888 1962 οὖν

1977 1901 2186 1962 nolens
2220 1904 2396 1982 perdi
2447 1906 2661 1984 eosqui
2701 1905 2756 1964 in
2791 1906 2912 1980 illa,
2949 1918 3192 1984 propter
3222 1912 3446 1973 facinus
3474 1934 3612 1974 con-

1975 1997 2062 2052 tra
2091 2009 2157 2051 se
2213 1991 2485 2053 Ostendit
2518 1995 2717 2073 itaque
2767 1994 2991 2055 viscera
3036 1997 3463 2062 misericordiae
3509 2023 3612 2082 per

1971 2079 2198 2138 ﬂetum.
2237 2078 2402 2150 Quod
2435 2081 2591 2140 enim
2629 2083 3022 2144 miserebatur
3050 2086 3156 2164 eis,
3191 2097 3248 2147 et
3280 2107 3392 2148 non
3419 2078 3607 2152 solum

1970 2176 2104 2226 ante
2137 2186 2399 2239 crucem,
2435 2169 2539 2229 sed
2569 2177 2626 2230 et
2648 2181 2779 2250 post
2805 2189 3039 2234 crucem
3072 2179 3243 2234 etiam
3277 2182 3611 2240 conversio-

1971 2274 2102 2314 nem
2139 2275 2342 2316 eorum
2379 2258 2635 2321 sitiebat.
2694 2260 3065 2322 manifestum
3108 2273 3195 2324 est
3245 2285 3312 2325 ex
3350 2285 3420 2326 eo
3452 2271 3606 2348 quod

1972 2353 2098 2422 post
2128 2344 2360 2422 triginta
2393 2347 2658 2425 quinque
2689 2365 2874 2408 annos
2905 2350 3185 2411 Romanis
3219 2355 3415 2414 traditi
3446 2344 3605 2418 sunt.

1970 2433 2117 2524 Nam
2151 2445 2392 2524 propter
2423 2435 2567 2495 nihil
2600 2437 2755 2496 aliud
2790 2438 3016 2499 distulit
3047 2442 3608 2524 supplicium,quam

1969 2523 2424 2614 quodcupiebat
2453 2528 2875 2614 eosrconverii.
2909 2527 3036 2588 Flet
3087 2530 3259 2608 igitur
3301 2523 3612 2614 slupidita-

1973 2619 2087 2668 tem
2122 2609 2304 2688 ipsius
2348 2609 2707 2686 Jerusalem,
2753 2625 2811 2675 et
2847 2617 2924 2676 ait
2963 2637 2976 2676 :
3029 2617 3089 2680 Si
3140 2609 3516 2698 cognovisses
3558 2635 3615 2686 et

1972 2706 2050 2789 tu,
2086 2708 2144 2758 et
2178 2699 2416 2789 quidem
2450 2701 2508 2760 in
2541 2703 2650 2763 isto
2674 2704 2771 2764 die
2794 2715 2914 2780 tuo,
2945 2725 3077 2786 qua;
3094 2709 3164 2768 ad
3199 2727 3404 2789 pacem
3431 2721 3610 2776 tuam.

1967 2785 2091 2845 Hoc
2123 2797 2232 2860 est,
2266 2788 2313 2847 si
2348 2791 2728 2865 c0gnovisses
2761 2813 2891 2873 quae
2932 2785 3088 2856 nunc
3124 2785 3226 2857 tibi
3275 2800 3608 2881 conferunt,

1967 2892 2033 2933 ac
2065 2893 2268 2953 pacem
2303 2884 2360 2935 et
2391 2877 2643 2955 quietem
2692 2883 2966 2951 aﬂ‘eruut,
3001 2903 3217 2964 nempe
3265 2888 3441 2949 ﬁdem
3478 2877 3616 2968 erga

1968 2980 2083 3036 me,
2119 2972 2176 3023 et
2205 2966 2593 3026 cessationem
2625 2987 2656 3027 a
2689 2974 3106 3050 persequendo
3139 2993 3249 3034 me.
3307 2975 3473 3037 Nunc
3499 2966 3608 3038 au-

1969 3060 2081 3110 tem
2136 3061 2273 3112 sunt
2323 3054 2671 3116 abscondita
2721 3059 2792 3118 ab
2845 3061 3034 3120 oculis
3083 3062 3222 3122 450
3273 3065 3408 3140 tuis,
3453 3068 3607 3146 quod

1969 3149 2209 3219 propter
2239 3158 2353 3215 me,
2408 3161 2580 3222 quem
2639 3155 2694 3204 tu
2736 3148 3042 3228 reprobas,
3102 3156 3411 3214 innumera
3460 3156 3612 3219 mala

1968 3236 2024 3287 te
2052 3231 2524 3323 apprehendent.
2561 3234 2919 3315 patierisque
2955 3238 3078 3298 haec
3112 3257 3177 3298 ac
3209 3242 3329 3312 illn,
3356 3262 3423 3304 eo
3453 3245 3609 3323 quod

1970 3334 2085 3374 non
2116 3319 2460 3394 cognoveris
2502 3325 2740 3401 tempus
2789 3325 3138 3387 visitationis
3173 3337 3303 3405 tuae,
3349 3319 3608 3407 hoc—est,

1970 3405 2085 3466 mei
2113 3408 2422 3481 adventus,
2484 3414 2718 3489 quando
2773 3415 2898 3474 veni
2962 3423 3025 3474 ut
3074 3417 3388 3480 inviserem
3443 3432 3521 3501 te,
3556 3405 3613 3482 et

1967 3494 2275 3555 salvarem.
2317 3497 2643 3576 Oportebat
2672 3501 2849 3579 igitur
2879 3503 3031 3563 scire
3062 3515 3117 3566 te
3144 3527 3274 3585 quae
3301 3509 3372 3568 ad
3408 3494 3610 3588 pacem

1978 3589 2157 3663 tuam,
2189 3593 2249 3644 ut
2281 3585 2339 3645 in
2374 3605 2468 3647 me
2500 3589 2800 3665 crederes,
2833 3600 2890 3650 ot
2921 3593 3233 3655 habuisses
3276 3585 3472 3678 utique
3505 3618 3604 3679 pa-

1970 3690 2098 3732 cem
2128 3691 2160 3732 a
2191 3672 2490 3748 Romanis,
2515 3687 2570 3736 et
2602 3679 2796 3738 omnis
2820 3682 3140 3743 vexationis
3173 3672 3610 3748 liberationem.

1974 3761 2205 3821 Etenim
2236 3783 2441 3824 omnes
2473 3766 2572 3843 qui
2601 3768 2980 3830 crediderunt
3013 3770 3268 3850 Christo,
3303 3794 3336 3836 a
3364 3778 3612 3856 captivi-

1974 3856 2090 3910 tate
2122 3851 2361 3911 fuerout
2387 3855 2582 3913 εθευιὶ
2618 3877 2631 3913 :
2665 3863 2723 3915 et
2750 3857 2824 3915 ita
2857 3858 2906 3917 si
2942 3878 3149 3922 omnes
3193 3851 3610 3946 credidissent,
3671 3921 3673 3923 .

1975 3939 2176 4000 nullus
2207 3939 2414 4002 fuisset
2445 3953 2667 4023 captus.

2053 4115 2217 4178 VERS
2274 4120 2490 4210 45548.
2526 4144 2550 4174 α
2576 4121 2969 4202 Etingressus
3000 4127 3056 4186 in
3095 4129 3401 4207 templum,
3436 4132 3616 4210 mepit

1973 4204 2193 4282 ejicere
2223 4209 2546 4269 vendentes
2578 4211 2636 4269 in
2657 4210 2758 4270 illo
2799 4220 2858 4274 et.
2885 4225 3176 4288 ementes,
3212 4204 3415 4277 dicens
3446 4204 3562 4278 illis
3597 4240 3610 4280 :

1973 4291 2271 4372 Scriptum
2303 4302 2413 4369 est,
2452 4297 2671 4358 Domus
2703 4317 2836 4359 mea
2859 4301 3073 4362 domus
3102 4306 3464 4381 precationis
3487 4321 3613 4382 est;

1971 4399 2074 4442 vos
2094 4393 2290 4445 autem
2341 4385 2562 4446 tecistis
2599 4386 2755 4446 illam
2803 4389 3143 4467 speluncam
3193 4392 3510 4453 latronum.
3547 4397 3619 4456 Et

1971 4470 2222 4531 docebat
2241 4472 2505 4551 quotidie
2528 4473 2588 4533 in
2615 4476 2855 4555 templo.
2887 4476 3191 4559 Principes
3207 4490 3397 4541 autem
3413 4501 3615 4543 sacer-

242 4569 518 4650 ἀρχιερετς
575 4570 660 4624 καὶ
719 4571 765 4624 οἱ
809 4575 1152 4646 Γραμματετς
1224 4568 1440 4638 ἐζήτουν
1491 4569 1645 4627 αὐτὸν
1686 4567 1889 4625 ἀπολέ-

1977 4559 2176 4619 dotuin
2212 4571 2267 4650 ot
2292 4561 2509 4622 Scriba:
2543 4565 2887 4641 quaerebant
2911 4566 3074 4626 illum
3105 4570 3374 4647 perdere,
3409 4581 3466 4631 et
3490 4573 3616 4650 pri-

243 4680 359 4734 σαι,
405 4659 495 4714 καὶ
543 4658 585 4712 oi
649 4663 849 4736 πρῶτοι
904 4664 997 4714 τοῦ
1050 4655 1204 4716 λαοῦ.
1253 4658 1351 4714 Καὶ
1397 4657 1500 4736 οὐχ
1545 4655 1782 4736 εὕρισκον
1834 4659 1896 4714 τὸ

242 4749 295 4804 τί
351 4747 665 4816 ποιήσουσιν
699 4764 716 4782 ⁸
763 4748 790 4801 ὁ
853 4744 980 4810 λαός
1039 4747 1138 4824 γὰρ
1191 4743 1328 4809 ἅπας
1388 4743 1699 4824 ἐξεκρέματο
1741 4750 1899 4805 αὐτοῦ

243 4836 472 4897 ἀκούων,
538 4834 646 4892 Καὶ
695 4833 903 4912 ἐγένετο
959 4835 1013 4890 ἐν
1088 4839 1185 4911 μιᾷ
1241 4837 1347 4891 τῶν
1403 4835 1618 4913 ἡμερῶν
1687 4835 1896 4892 ἐκείνων

242 4922 575 4986 διδάσκοντος
623 4924 780 4980 αὐτου
821 4924 912 4978 τὸν
959 4921 1087 4979 λαὸν
1130 4922 1184 4978 ὲν
1233 4927 1310 4998 τῷ
1337 4923 1480 5001 ἱερῷ,
1529 4924 1616 4978 καὶ
1672 4925 1900 5004 εὐαγγε-

241 5013 548 5087 λιζομένου,
635 5011 933 5078 ἐπέστησαν
991 5012 1039 5066 οἱ
1110 5013 1271 5088 ἱερεῖς
1329 5013 1416 5067 καὶ
1459 5013 1506 5066 οἱ
1555 5016 1896 5088 Γραμματεῖς

241 5103 337 5160 σὺν
393 5114 512 5165 τοῖς
568 5099 966 5180 πρεσϐυτέροις,
1011 5103 1098 5157 καὶ
1146 5104 1301 5156 εἷπον
1359 5101 1487 5178 πρὸς
1519 5101 1673 5156 αὐτὸν
1705 5101 1896 5180 λέγον-

239 5212 332 5255 τες
364 5209 378 5224 ·
417 5191 541 5247 Εἰπὲ
578 5192 740 5269 ἡμῖν,
771 5193 825 5246 ἓν
871 5189 995 5260 ποίᾳ
1049 5188 1251 5261 ἐξουσίᾳ
1291 5195 1457 5244 ταῦτα
1486 5201 1660 5250 ποιεῖς
1695 5207 1711 5264 ;
1743 5189 1777 5257 ἢ
1819 5189 1898 5252 τίς

243 5277 389 5334 ἔστιν
445 5278 472 5333 ὁ
523 5275 640 5340 δούς
687 5298 769 5333 σοι
819 5277 916 5344 τὴν
959 5275 1191 5342 ἐξουσίαν
1251 5277 1500 5349 ταύτηνς
1569 5274 1895 5355 Ἀποκριθεὶς

242 5366 302 5422 δὲ
342 5367 467 5422 εἷπε
510 5368 641 5444 πρὸς
671 5366 854 5430 αὐτούς
882 5385 894 5396 ·
929 5365 1221 5445 Ἐρωτήσω
1247 5364 1399 5442 κάγὼ
1428 5366 1563 5441 ὑμᾶς
1592 5365 1681 5421 ἕνα
1710 5365 1896 5444 λόγον,

245 5456 335 5510 καὶ
377 5452 566 5510 εἴπατέ
610 5475 702 5528 μοι
734 5474 749 5491 ο
798 5456 870 5512 Τὸ
913 5454 1196 5530 Βάπτισμα
1264 5450 1510 5512 Ἰωάννου
1569 5452 1620 5518 ἐξ
1679 5455 1897 5532 οὐρανοῦ

243 5541 336 5617 ἧν,
380 5543 417 5604 ἢ
448 5541 500 5607 ἒξ
541 5543 828 5621 ἀνθρώπων
865 5561 882 5616 ς
918 5543 977 5600 Οἱ
1025 5539 1081 5598 δὲ
1125 5539 1526 5618 συνελογίσαντο
1569 5540 1624 5596 ὲν
1682 5543 1894 5605 ἑαυτοῖς

245 5630 517 5711 λέγοντες,
549 5630 630 5688 ὅτι
675 5630 800 5690 Ἐὰν
857 5631 1123 5713 εἴπωμεν,
1159 5630 1211 5697 ἐξ
1244 5630 1484 5709 οὐρανοῦ,
1522 5629 1657 5710 ἐρεῖ,
1693 5632 1791 5687 Διὰ
1847 5633 1897 5688 τί

613 5750 876 5814 Pauor“
921 5750 1037 5814 Gn.
1083 5748 1354 5814 CXXIII.

1981 4666 2176 4709 mores
2204 4647 2427 4728 plebis:
2458 4669 2566 4712 nec
2588 4652 3120 4734 inveniebantquid
3145 4647 3618 4721 facerent.Totus

1981 4740 2134 4800 enim
2169 4740 2420 4819 populus
2452 4742 2747 4820 pendebat
2788 4743 2860 4804 ab
2895 4763 2998 4805 ore
3032 4745 3160 4824 ejus
3211 4735 3356 4807 cum'
3393 4751 3622 4810 audiret

1981 4826 2145 4888 illum
2180 4825 2250 4887 Et
2267 4828 2479 4890 factum
2506 4840 2594 4891 est
2622 4831 2678 4891 in
2705 4853 2821 4893 uno
2844 4834 3075 4894 dierum
3101 4836 3621 4911 illorum,docente

1983 4915 2083 4976 illo
2117 4919 2395 4997 populum
2428 4918 2486 4979 in
2522 4921 2765 5001 templo,
2805 4930 2864 4983 et
2910 4925 3368 5005 evangelizante,
3399 4945 3619 4988 conve-

1982 5015 2197 5066 nerunt
2220 5005 2518 5086 principes
2543 5011 2913 5071 sacerdotum
2933 5021 2989 5072 et
3012 5010 3235 5074 Scrisz
3261 5032 3393 5075 cum
3417 5016 3620 5077 senio-

1980 5093 2170 5175 ribus,
2203 5107 2257 5154 et
2279 5095 2440 5156 aiunt
2462 5097 2570 5174 illi,
2596 5097 2862 5160 dicentes
2888 5122 2904 5161 :
2933 5101 3039 5163 Dic
3068 5101 3259 5178 nobis,
3285 5123 3400 5184 qua
3421 5113 3622 5167 aucto-

1981 5190 2148 5244 ritate
2179 5185 2288 5245 ista
2317 5185 2502 5245 facis?
2531 5194 2628 5246 aut
2658 5195 2790 5266 quis
2833 5197 2920 5250 est
2964 5190 3063 5269 qui
3096 5190 3259 5252 dedit
3311 5192 3412 5252 tibi
3451 5193 3622 5253 istam

1979 5272 2430 5333 auctoritatem?
2473 5271 2860 5354 ReSpondens
2903 5289 3098 5338 autem
3141 5280 3310 5340 Jesus
3357 5281 3503 5341 dixit
3550 5280 3624 5341 ad

1981 5361 2138 5422 illos:
2175 5359 2555 5440 [interrogabo
2588 5382 2691 5425 vos
2715 5375 2774 5424 et
2804 5379 2910 5444 ego
2946 5387 3125 5428 unum
3161 5369 3440 5448 quiddam
3497 5388 3624 5430 res-

1982 5451 2239 5532 pondete
2265 5452 2411 5512 milii
2437 5473 2450 5511 :
2484 5453 2824 5532 Baptismus
2854 5457 3100 5518 Joannis
3132 5476 3163 5518 e
3193 5458 3342 5521 caelo
3373 5467 3521 5533 erat,
3550 5478 3626 5521 an

1980 5559 2049 5600 ex
2071 5539 2456 5601 hominibus?
2485 5546 2563 5620 At
2580 5542 2668 5602 illi
2689 5544 3023 5622 cogitabant
3045 5546 3200 5608 intra
3221 5565 3285 5607 se
3308 5547 3579 5624 dicentes
3609 5570 3624 5610 :

1979 5629 2043 5691 Si
2073 5628 2396 5690 dixerimus
2427 5648 2461 5692 ο
2489 5631 2664 5712 οωΙο,
2697 5631 2858 5696 dicet
2897 5652 2909 5696 :
2945 5632 3135 5704 Quare
3164 5651 3305 5715 ergo
3339 5634 3457 5699 non
3489 5654 3628 5700 cro-

3194 5755 3295 5821 33.
