4140 6280
535 303 689 368 1035

1503 307 2096 371 THEOPHYLACTI
2143 302 2546 368 BULGARl/E
2591 308 2946 370 ARCHIEP.

3787 319 3804 376 l
3821 310 3932 376 O36

537 451 772 512 didistis
811 450 946 513 illi?
996 450 1058 514 Si
1103 451 1451 524 dixerimus,
1506 471 1572 512 ex
1614 452 1977 524 hominibus,
2013 447 2161 532 pleb:

2264 446 2357 499 οὐκ
2412 444 2749 500 ἐπιστεύσατε
2807 447 2997 525 αὐτῷ,
3045 447 3136 502 ἐὰν
3191 445 3244 502 δὲ
3304 446 3574 524 εἴπωμεν,
3621 449 3674 514 ἒξ
3713 448 3933 526 ἀνθρώ-

537 540 808 601 universa
854 539 1138 618 lapidabit
1187 558 1341 602 nos:
1396 558 1738 619 persuasum
1794 541 1952 600 enim
2007 541 2180 600 habet

531 628 819 690 Joannem
882 628 1229 707 prophetam
1292 647 1442 690 esse.
1507 633 1574 690 Et
1627 630 2062 708 responderunt
2117 649 2180 688 se

535 717 767 780 nescire
799 717 955 777 unde
987 725 1143 777 esset
1199 716 1268 776 Et
1309 716 1481 778 .lesus
1514 718 1592 776 ait
1636 717 1749 777 illis
1785 736 1798 778 :
1841 716 2040 797 Neque
2072 737 2178 796 ego

533 807 667 868 dico
698 805 864 868 vobis
913 823 1026 884 qua
1078 806 1422 866 auctoritate
1473 807 1599 866 hzec
1657 805 1887 866 faciam.
1945 832 1968 860 »
2005 807 2178 868 Jesus

533 894 790 974 gloriose
847 890 1172 954 Jerusalem
1235 893 1557 971 ingressus,
1621 913 1741 954 sua}
1817 896 2176 956 auctoritatis

533 983 819 1046 indicium
855 982 1015 1061 facit,
1053 982 1431 1061 repurgando
1478 983 1715 1042 domum
1772 984 1957 1044 Patris
2004 984 2095 1043 sui
2143 1003 2176 1044 a

536 1071 1000 1153 negotiatoribus
1039 1092 1050 1132 :
1086 1070 1356 1151 quamvis
1381 1080 1436 1131 et
1466 1072 1520 1130 in
1559 1071 1848 1150 principio
1884 1072 2172 1151 praedica-

535 1161 711 1222 tionis
747 1163 859 1222 ltoc
891 1159 1304 1232 fecerit,‘sicut
1329 1160 1587 1220 Joannes
1621 1160 1764 1219 dicit
1799 1179 1811 1222 :
1857 1170 1914 1220 et
1959 1161 2170 1221 iterum

532 1270 689 1312 nunc
721 1249 981 1310 secundo
1015 1249 1188 1308 facit:
1226 1248 1281 1307 id
1316 1248 1471 1326 quod
1514 1249 1582 1308 ad
1620 1250 1901 1324 majorem
1931 1249 2171 1310 Judaeo-

529 1359 660 1400 rum
675 1339 1111 1401 accusationem
1130 1337 1567 1418 pertinet,quod
1594 1338 1781 1417 primo
1795 1359 1901 1399 suo
1920 1341 2169 1402 adventu

532 1447 647 1488 non
680 1428 896 1489 fuerint
940 1427 1075 1488 facti
1105 1427 1564 1506 emendatiores,
1613 1437 1666 1488 ct
1703 1430 2024 1488 manserint
2055 1430 2165 1508 ipsi

529 1517 948 1596 negotiatores,
984 1516 1148 1576 illum
1174 1514 1274 1576 Dei
1303 1515 1697 1576 adversarium
1724 1517 2010 1597 dicentes,
2038 1538 2172 1579 cum

530 1609 759 1666 Patrem
795 1614 852 1666 et
883 1607 1066 1668 Deum
1094 1605 1346 1665 maxime
1381 1605 1626 1678 coleret,
1663 1605 1740 1665 ita
1773 1615 1907 1666 utet
1930 1606 2168 1667 domum

530 1695 686 1755 illius
705 1713 738 1754 a
760 1692 1221 1772 negotiatoribus
1241 1701 1609 1771 repurgatam
1638 1694 1913 1756 voluerit.
1943 1696 2168 1756 ldcirco
2195 1722 2230 1772 δ

528 1793 586 1846 et
616 1785 825 1846 Isaiam
859 1782 1109 1862 inducit,
1144 1783 1240 1862 qui
1273 1801 1374 1841 eos
1411 1792 1635 1860 arguat,
1663 1783 1957 1844 dicentem
1995 1805 2007 1845 :
2044 1784 2163 1845 Do-

527 1892 656 1934 mus
688 1891 819 1933 mea
866 1872 1076 1932 domus
1125 1871 1482 1950 preCationis
1529 1871 1898 1935 vocabitur3.
1953 1875 2029 1935 At
2080 1874 2164 1935 illi

527 1963 706 2024 stulte
736 1962 1102 2038 interrogant
1133 1979 1296 2036 eum,
1324 1959 1447 2031 Qua
1469 1962 1814 2022 auctoritate
1848 1962 1970 2022 haec
1992 1963 2166 2023 facts?

526 2052 792 2132 quamvis
816 2049 955 2111 satis
987 2049 1303 2128 intilligere
1346 2057 1634 2128 poterant.
1687 2050 1969 2121 Quoniam
2003 2053 2160 2113 enim

527 2140 938 2220 prOpheticum
953 2138 1170 2200 dictum
1198 2137 1643 2218 subdidit,quod
1665 2147 1906 2200 testatur
1922 2141 2162 2202 domum

525 2229 629 2289 Dei
678 2229 916 2290 domum
966 2227 1318 2306 precationis
1364 2245 1519 2305 esse,
1572 2247 1684 2287 non
1743 2230 2070 2307 emporium
2108 2241 2164 2292 et

521 2319 864 2398 speluncam
896 2317 1212 2396 latronum,
1251 2315 1564 2393 negotiatio
1607 2317 1764 2376 enim
1819 2327 1876 2377 et
1923 2320 2162 2381 avaritia

523 2407 815 2467 latronum
848 2413 957 2476 est,
988 2404 1126 2484 quid
1176 2412 1378 2484 postea
1424 2423 1569 2482 opus
1609 2424 1824 2483 rogare
1873 2425 2006 2466 eum
2045 2426 2158 2486 qua

522 2497 870 2556 auctoritate
920 2494 1044 2554 hare
1093 2493 1267 2553 faciat
1289 2501 1316 2555 ?
1369 2493 1560 2554 Facile
1611 2495 1767 2555 enim
1823 2496 2159 2575 conjectare

521 2591 794 2663 poterant
808 2601 876 2643 ex
889 2581 1062 2644 dictis
1080 2581 1381 2661 prophetae
1399 2582 1552 2661 quod
1569 2583 2154 2662 Deushmcjusserit.

521 2673 594 2732 At
616 2671 698 2732 illi
730 2672 1114 2748 interrogant,
1143 2669 1264 2741 Qua
1293 2671 1642 2733 auctoritate
1670 2670 1812 2732 facis
1836 2672 1994 2733 haec?
2019 2676 2154 2749 Lex,

519 2760 814 2836 inquiunt.
845 2759 936 2819 his
963 2757 1057 2843 qui
1079 2777 1110 2818 a
1133 2759 1270 2820 Levi
1297 2759 1586 2835 originem
1623 2760 2158 2840 deducunt,templi

519 2848 1006 2927 gubernationem
1042 2848 1326 2926 permittit
1361 2865 1373 2910 :
1429 2856 1484 2908 tu
1516 2865 1684 2919 vero,
1718 2867 1849 2909 cum
1900 2869 1965 2910 ex
2004 2851 2156 2911 tribu

2265 554 2400 605 πων,
2471 539 2573 597 πᾶς
2633 537 2660 588 ὁ
2715 533 2844 596 ὶαὸς
2919 535 3256 592 καταλιθάσει
3325 539 3496 612 ἡμᾶς,
3559 537 3931 612 πεπεισμενός

2263 621 2360 698 γὰρ
2419 621 2527 677 ἐστι
2591 625 2674 678 τὸν
2739 622 2985 691 Ἰωάννηι
3042 627 3321 704 πρὸιρήτην
3367 628 3534 688 εἶναι,
3573 629 3674 685 Καὶ
3709 629 3932 703 ἀπεκρῖ-

2260 711 2426 774 θησαν
2487 712 2562 786 μὴ
2608 711 2792 768 εἰδέναι
2837 714 3018 776 πόθεν,
3075 717 3170 772 Καὶ
3201 718 3227 770 ὸ
3263 714 3469 780 Ἰτισοῦς
3503 718 3663 772 εἶπεν
3696 718 3890 780 αὖτοτς
3920 737 3932 749 ’

2263 797 2389 856 Οὐδὲ
2452 800 2559 876 ἐγὼ
2601 800 2743 878 λέγω
2784 805 2911 876 ὑμῖν
2955 805 3007 858 ἐν
3052 805 3176 876 ποίᾳ
3234 803 3435 876 ἐξουσίᾳ
3478 813 3644 860 ταῦτα
3689 812 3868 861 ποιῶ.
3907 829 3928 857 ι

2261 885 2348 944 Ἐν
2409 887 2531 966 δόξῃ
2585 891 2829 947 εἰσελθὼν
2885 897 2912 948 ὁ
2977 896 3161 971 Κύριος
3219 895 3316 960 τὴν
3394 886 3786 972 Ἰερουσαλὴμ,
3822 907 3935 955 τοῖς

2260 978 2451 1042 οἰκείας
2509 979 2774 1044 αῧθεντίας
2833 997 3067 1038 ποιεῖται
3118 980 3333 1060 δεέγμα,
3391 986 3450 1038 τὸ
3503 987 3591 1038 τὸν
3639 985 3815 1039 οἶκον
3845 986 3934 1037 τοῦ

2264 1068 2461 1143 Ιιατρὸς
2525 1071 2681 1125 αὐτοῦ
2736 1069 3068 1146 ἐκκαθαίρειν
3128 1075 3231 1127 τῶν
3289 1072 3734 1138 καπηλευόντων,
3806 1074 3929 1126 καί·

2258 1175 2336 1209 τοι
2386 1157 2472 1210 καὶ
2529 1158 2582 1210 ὲν
2634 1157 2778 1235 ἀρχῆ
2830 1159 2920 1213 τοῦ
2991 1160 3330 1236 κηρύγματος
3386 1168 3538 1216 τοῦτο
3587 1163 3924 1232 πεποίηκεν,

2259 1254 2327 1305 ως
2393 1243 2643 1310 Ἰωάννης
2689 1248 2838 1324 φησὶ,
2885 1249 2972 1302 καὶ
3015 1247 3172 1302 πάλιν
3223 1257 3309 1304 νῦν
3354 1257 3508 1304 τουτο
3553 1249 3613 1304 ἐκ
3670 1247 3926 1325 δευτέρω

2256 1346 2421 1407 ποιεῖ,
2474 1334 2501 1388 ὃ
2559 1337 2645 1390 καὶ
2694 1338 2823 1413 πρὸς
2871 1339 3032 1411 μείζω
3107 1342 3425 1417 κατηγορίαν
3482 1347 3584 1395 τῶν
3644 1337 3924 1395 Ἰουδαίων

2259 1420 2418 1494 ἐστὶν,
2480 1420 2559 1477 ὅτι
2606 1421 2717 1478 οὔδε
2775 1425 2878 1480 ἀπὸ
2922 1428 3020 1491 τῆς
3087 1430 3340 1505 προτέρας
3400 1431 3554 1484 cat-3:03
3615 1427 3923 1505 παρρησίας

2255 1511 2736 1588 ἐσωφρονίσθησαν,
2785 1513 2904 1568 ἀλλ’
2955 1515 3208 1589 ἐπέμενον
3255 1525 3320 1592 τῇ
3353 1516 3639 1588 καπηλεία,
3675 1519 3776 1571 καὶ
3823 1517 3924 1570 ἆν-

2254 1599 2421 1654 τίθεον
2484 1602 2637 1656 αὐτὸν
2683 1601 2862 1680 ἔλεγον
2907 1604 2996 1658 τόν
3043 1605 3205 1667 οὕτως
3249 1613 3485 1679 τιμῶντα
3547 1608 3639 1661 τὸν
3699 1605 3925 1680 Πατέρα

2255 1690 2338 1743 καὶ
2397 1692 2548 1768 Θεὸν,
2609 1693 2682 1754 ὡς
2741 1695 2825 1748 καὶ
2884 1695 2972 1748 τὸν
3025 1698 3174 1749 οἷκον
3233 1695 3388 1751 αὖτοῦ
3443 1696 3783 1770 ἐκκαθαίρειν
3816 1696 3923 1749 τῶν

2251 1777 2684 1843 καπηλεδόντων.
2746 1784 2837 1836 Διὸ
2881 1785 2969 1838 καὶ
3025 1785 3113 1838 τὸν
3163 1775 3379 1838 Ἠσαίαν
3421 1788 3603 1845 αὺτοῖς
3665 1783 3919 1862 ἐπιφέρει

2251 1867 2543 1944 κατήγορον
2602 1866 2826 1945 λεγοντα
2862 1889 2876 1904 ⁶
2928 1862 2983 1927 Ὀ
3039 1873 3192 1932 οἶκός
3237 1895 3338 1946 μου
3379 1873 3532 1935 οἶκῡς
3586 1877 3918 1949 προσευχῆς

2248 1952 2593 2022 κληθήσεται.
2659 1960 2718 2014 Οἱ
2776 1958 2829 2012 δέ
2872 1959 3108 2028 ἀνοήτως
3168 1960 3498 2037 ἐπερωτῶσιν
3572 1959 3763 2038 αὖτόν,
3826 1959 3918 2014 Ἐν

2248 2042 2371 2114 ποίᾳ
2414 2043 2615 2116 ἐξουσίᾳ
2660 2056 2818 2104 ταῦτα
2853 2063 3025 2111 ποιεῖς
3061 2067 3075 2120 ;
3135 2050 3313 2106 Καίτοι
3368 2049 3487 2115 ἐξῆν
3518 2049 3773 2115 ἐννοῆσαι
3814 2051 3913 2104 αὖ·

2259 2132 2391 2193 τοὺς.
2429 2131 2554 2190 ’Ὁτι
2589 2133 2700 2188 ἐπεὶ
2755 2138 3090 2214 προρητικὴν
3142 2137 3291 2214 ῥῆσιν
3351 2140 3632 2214 παρήγαγε
3692 2160 3912 2214 μαρτυ-

2247 2221 2460 2300 ροῦσαν,
2506 2221 2586 2277 ὅτι
2623 2225 2649 2278 ὁ
2705 2225 2856 2287 οἶκος
2889 2234 2977 2282 τοῦ
3022 2234 3152 2282 Θεοῦ
3195 2228 3350 2289 οἶκος
3390 2232 3696 2304 προσευχῆς
3734 2227 3909 2298 ἐστιν,

2246 2311 2337 2365 ούκ
2381 2309 2656 2389 ἐμπόριον,
2702 2315 2789 2368 καὶ
2844 2314 3108 2383 σπήλαιον
3165 2315 3376 2391 λῃστῶν
3403 2332 3421 2350 ⁸
3453 2314 3743 2391 λῃστρικὸν
3807 2319 3909 2392 γὰρ

2247 2399 2276 2462 ἦ
2336 2397 2632 2472 πλεονεξία,
2688 2403 2774 2456 καὶ
2829 2403 3115 2477 καπηλεία,
3162 2407 3240 2468 τίς
3289 2405 3476 2460 λοιπὸν
3509 2406 3663 2482 χρεία
3695 2410 3906 2480 ἐρωτᾷν

2246 2488 2396 2541 αὐτὸν
2455 2487 2507 2542 ἐν
2566 2490 2689 2567 πρίᾳ
2733 2488 2934 2563 ἐξουσίᾳ
2991 2494 3155 2550 ταῦτα
3214 2509 3410 2566 ποιεϊ;
3461 2492 3812 2572 ἕτοιμονγὰρ
3846 2496 3904 2548 ὃν

2242 2574 2570 2653 λογίσασθαι,
2620 2578 2698 2633 ὅτι
2745 2583 2770 2634 ὸ
2820 2583 2947 2643 Θεὸς
2990 2591 3152 2639 ταῦτα
3208 2583 3407 2640 κελεύει
3440 2581 3522 2638 διὰ
3551 2593 3643 2640 του
3673 2605 3898 2662 προφη-

2241 2686 2348 2722 του.
2387 2669 2446 2722 Οἱ
2476 2665 2552 2737 δὲ,
2589 2667 2676 2724 Ἐν
2707 2671 2831 2741 ποίᾳ
2859 2670 3058 2744 ἐξουσίᾳ
3088 2681 3249 2728 ταῦτα
3277 2687 3477 2732 ποιεῖς.
3513 2671 3805 2749 ἐρωτώσιν,
3839 2665 3895 2728 ὐ

2245 2753 2427 2833 νόμος,
2476 2757 2620 2834 φασὶ,
2656 2770 2772 2820 τοῖς
2806 2757 2864 2813 ἐκ
2895 2764 3020 2816 Λευῖ
3053 2763 3439 2838 καταγομένοις
3482 2763 3578 2828 τὴν
3631 2769 3721 2816 τοὺ
3750 2763 3892 2835 ἱεροῦ

2241 2838 2590 2916 διακόσμησιν
2637 2846 2890 2921 ἐπέτρεψε
2925 2865 2936 2876 ·
2998 2853 3058 2902 σὺ
3113 2855 3190 2924 μὴ
3234 2851 3596 2926 καταγόμενος
3643 2850 3703 2904 ἐκ
3734 2856 3883 2904 Λευί·

517 2937 652 2998 Levi
684 2957 800 2998 non
834 2937 1185 3017 descendas,
1219 2938 1516 3015 quomodo
1540 2939 2028 3018 sacerdotum'jus
2052 2941 2154 3000 tibi

2246 2936 2390 2996 τικῆς
2449 2931 2640 3012 φυλῆς,
2697 2942 2811 2999 πῶς
2887 2937 3050 2992 ταῦτα
3104 2953 3302 3015 ποιεῖς,
3373 2941 3461 2994 καὶ
3518 2941 3584 2993 τὰ
3648 2942 3870 3016 ἱερατικά

519 3045 788 3106 usurpas,
823 3034 880 3088 et
925 3028 1049 3088 haec
1093 3024 1278 3087 facis?
1309 3025 1554 3104 Verum,
1589 3045 1622 3086 o
1653 3027 1876 3104 Judaae,
1927 3047 2155 3090 memor

516 3127 640 3180 esto
675 3118 813 3200 quid
847 3118 975 3178 451
1037 3118 1213 3182 David
1257 3117 1459 3177 dicat:
1519 3117 1603 3178 Tu
1656 3137 1718 3180 es
1765 3121 2043 3181 sacerdos
2091 3123 2150 3181 in

513 3217 798 3269 aeternum
826 3208 1149 3268 secundum
1174 3207 1444 3268 ordinem
1479 3207 1910 3270 Melchisedech
1937 3211 1986 3272 «ί.
2015 3213 2151 3272 Mel-

514 3297 833 3358 chisedech
850 3305 1045 3358 autem
1068 3296 1261 3357 dictus
1285 3305 1370 3356 est
1389 3297 1690 3360 sacerdos:
1714 3298 2148 3362 Melchisedech

514 3404 650 3448 vero
683 3406 797 3446 non
832 3386 938 3446 fuit
966 3385 1245 3446 sacerdos
1262 3385 1585 3445 secundum
1621 3386 1838 3463 legem,
1867 3406 2058 3468 neque
2081 3409 2149 3450 ex

513 3475 665 3535 tribu
708 3475 978 3536 Levitica.
1026 3474 1331 3545 Quomodo
1394 3473 1549 3533 enim
1605 3484 1800 3553 posset
1849 3476 1960 3537 hoc
2005 3478 2144 3555 dici,

511 3583 642 3624 cum
680 3564 852 3624 fuerit
883 3563 1081 3623 multis
1110 3563 1340 3623 saeculis
1371 3571 1506 3624 ante
1536 3561 1723 3623 Levi?
1752 3566 2145 3648 Deinde,quid

511 3653 726 3733 quaeris
745 3653 803 3712 in
832 3653 1068 3715 Christo
1093 3651 1362 3711 ordinem
1387 3651 1574 3728 legis?
1606 3651 1760 3712 Deus
1785 3653 2011 3731 legibus
2032 3674 2146 3719 non

511 3750 597 3802 est
629 3741 918 3802 subditus.
956 3737 1308 3818 Impera'uat,
1345 3758 1476 3799 cum
1503 3752 1737 3819 tempus
1763 3750 1934 3804 esset.
1958 3762 2151 3805 sacer-

509 3830 676 3891 dotes
705 3848 834 3890 esse
895 3848 960 3889 ex
1021 3827 1176 3888 tribu
1230 3828 1414 3889 Levi:
1461 3848 1615 3888 nunc
1667 3831 1939 3890 transfert
1997 3833 2148 3894 hanc

512 3921 724 3995 legem,
785 3928 841 3978 et
901 3917 1140 3996 przefert
1209 3918 1605 3976 sacerdotium
1665 3919 2143 3999 Melchisedech;

510 4017 822 4088 propterea
852 4007 1013 4086 ejicit
1045 4014 1317 4066 ementes
1343 4017 1400 4065 et
1428 4007 1750 4069 vendentes
1793 4007 1864 4067 ad
1909 4012 2143 4070 sacrifi-

506 4097 758 4157 candum
785 4094 1084 4167 animalia,
1105 4095 1254 4155 sicut
1286 4111 1422 4154 oves
1453 4103 1510 4156 et
1540 4094 1862 4156 columbas.
1899 4097 1984 4160 Ad
2020 4099 2143 4160 hazc

504 4186 836 4246 decentiam
871 4195 927 4245 et
960 4186 1326 4245 honestatem
1352 4183 1553 4260 templi
1583 4185 1859 4245 vindicat.
1895 4185 2144 4266 Insuper

2238 3021 2484 3097 ἀρπάζεις
2527 3042 2542 3095 ς
2590 3021 2738 3079 Ἀλλ’
2768 3025 3161 3101 ἀναμνήσθητε,
3196 3026 3462 3094 Ἰουδαῖοι,
3509 3027 3752 3105 λέγοντος
3782 3035 3868 3081 τοῦ

2243 3108 2429 3182 Δαυῖδ,
2492 3113 2563 3166 Σὺ
2619 3113 2783 3190 ἱερεὺς
2869 3116 2940 3176 εἷς
3016 3117 3107 3170 τὸν
3189 3117 3350 3173 αἰῶνα
3409 3119 3545 3172 κατὰ
3586 3118 3684 3183 τὴν
3738 3116 3875 3180 τάξιν

2240 3197 2568 3277 Μελχισεδέκ
2601 3245 2613 3258 .
2674 3201 3005 3277 Μελχισεδὲκ
3057 3202 3110 3258 δὲ
3181 3204 3391 3277 εἴρῃται
3463 3207 3626 3277 ἱερεύς
3667 3226 3679 3238 ·
3744 3208 3770 3260 ὁ
3827 3203 3880 3259 δὲ

2238 3286 2568 3366 Μελχισεδὲκ
2623 3294 2681 3347 οὗ
2739 3293 2876 3347 κατὰ
2933 3294 3092 3367 νόμον
3152 3294 3216 3360 ἧν
3263 3297 3451 3373 ἱερεὺς,
3513 3293 3627 3351 οῦδὲ
3686 3295 3744 3349 ἐκ
3785 3294 3883 3360 τῆς

2674 3201 3005 3281 Μελχισεδὲκ
3057 3202 3110 3258 δὲ
3181 3204 3391 3282 εἴρῃται
3463 3207 3626 3284 ἱερεύς
3667 3226 3679 3238 ·

2237 3382 2514 3443 Λευῒτικῆς
2565 3377 2756 3456 φυλῆς,
2817 3386 2935 3445 Πῶς
2981 3383 3101 3461 γὰρ,
3156 3384 3212 3447 ὃς
3243 3383 3650 3461 προγενέστερος
3681 3383 3746 3449 ἧν
3791 3391 3884 3438 τοῦ

2234 3468 2362 3520 Λευὶ
2423 3477 2727 3543 τοσοῦτονς
2788 3471 2883 3526 Καὶ
2954 3469 3162 3551 λοιπὸν,
3223 3473 3272 3527 τί
3322 3480 3505 3542 ζητεῖς
3557 3475 3612 3526 ἓν
3671 3479 3884 3548 Χριστῷ

2230 3555 2326 3618 τὴν
2369 3553 2510 3619 τάξιν
2568 3558 2662 3611 τοῦ
2716 3557 2927 3631 νόμους
2995 3561 3123 3622 Θεὸς
3182 3561 3361 3636 νόμοις
3421 3561 3524 3639 οὐχ
3578 3560 3877 3620 ὑπόκειται,

2234 3643 2550 3718 Προσέταξεν
2595 3644 2681 3699 ὅτε
2726 3647 2905 3724 καιρὸς
2936 3651 3024 3721 ἧν,
3059 3651 3119 3704 εκ
3175 3649 3456 3716 Λευῖτικῆς
3508 3653 3644 3705 εἶναι
3705 3649 3879 3727 φυλῆς

2231 3732 2349 3793 τοὺς
2405 3736 2591 3812 ἱερεῖς,
2650 3741 2733 3790 νύν
2789 3738 3101 3798 μετατάττει
3157 3749 3340 3796 τοῦτον
3390 3740 3482 3793 τὸν
3549 3739 3733 3813 νόμον,
3791 3744 3880 3793 καὶ

2227 3820 2322 3886 τὴν
2380 3830 2467 3878 τοῦ
2525 3822 2854 3901 Μελχισεδὲκ
2941 3826 3226 3903 ἱερωσύνην
3311 3828 3598 3906 προκρίνει,
3650 3826 3729 3882 διὸ
3788 3829 3880 3882 καὶ

2228 3907 2470 3965 ἐκϐάλλει
2521 3914 2639 3974 τοὺς
2701 3911 2996 3976 πωλοῦντις
3050 3917 3136 3970 καὶ
3213 3916 3562 3995 ἀγοράζοντας
3617 3918 3684 3970 τὰ
3743 3919 3874 3993 πρὸς

2225 3999 2398 4054 Θυσίαν
2450 4001 2581 4072 ζῶα,
2643 4002 2760 4057 οἷον
2815 4000 3071 4080 πρόϐατα,
3153 4006 3241 4060 καὶ
3313 4006 3620 4082 περιστεράς
3660 4021 3675 4034 ⁸
3739 4008 3877 4078 μετα

2229 4089 2310 4141 καὶ
2359 4089 2450 4143 τοῦ
2499 4090 2596 4156 τὴν
2658 4091 2991 4168 εὔπρέπειαν,
3052 4096 3139 4150 καὶ
3193 4097 3253 4149 τὸ
3307 4093 3582 4173 εὔσχημον
3641 4101 3718 4166 τῷ
3762 4100 3873 4164 ναῷ

3639 4182 3720 4237 ὅτι
3778 4185 3871 4238 οὒκ

2225 4183 2635 4253 περιποιεῖσθαι,
2724 4179 2799 4235 ἔτι
2871 4183 2956 4238 καὶ
3020 4185 3171 4239 τοῦτο
3233 4182 3558 4257 ὑποδεικνὺς,

505 4283 560 4334 et
591 4277 705 4335 hac
737 4274 1014 4348 ostendit,
1049 4273 1204 4352 quod
1249 4291 1365 4332 non
1398 4273 1549 4333 ultra
1577 4274 1918 4334 animalium
1953 4265 2141 4337 sacri-

2246 4265 2300 4320 ἶτι
2359 4281 2477 4332 ταῖς
2534 4269 2837 4337 ζωοθυσίαις
2895 4269 2978 4326 δεῖ
3032 4274 3120 4326 τὸν
3186 4275 3314 4328 Θεὸν
3369 4271 3726 4338 ἐξιλάσκεσθαι
3786 4294 3870 4327 πι⁸

504 4363 653 4423 ficiis
685 4363 901 4442 placari
932 4349 1116 4422 Deum
1167 4361 1329 4421 credi
1380 4361 1612 4421 debeat.
1664 4362 1843 4437 lgitur
1874 4366 2142 4441 quamvis

2246 4356 2449 4415 ιτεύειν.
2513 4349 2605 4413 Ἠν
2651 4359 2746 4432 μὲν
2805 4363 2891 4415 οὖν
2947 4359 3158 4435 ἕτοιμον
3215 4369 3291 4435 τῷ
3359 4363 3524 4440 Κυρίῳ
3576 4361 3867 4438 ἀποκρίνα-

501 4454 560 4511 in
595 4462 867 4531 promptu
899 4460 1056 4511 esset
1086 4449 1240 4530 quod
1288 4449 1375 4510 eis
1406 4451 1800 4528 responderet
1832 4453 2138 4528 Dominus,

2246 4449 2338 4499 r01t
2383 4447 2512 4521 πρὸς
2574 4449 2782 4521 αὖτοὸς,
2827 4451 3060 4527 καθάπερ
3104 4448 3338 4528 εἴρηται,
3386 4453 3470 4506 καὶ
3531 4453 3724 4524 εἰπεῖν,
3784 4451 3862 4505 ὅτι

498 4541 652 4601 sicut
678 4541 897 4601 dictum
932 4549 1041 4610 est,
1077 4547 1134 4600 et
1165 4538 1394 4599 diceret
1443 4537 1599 4617 quod
1648 4540 1937 4618 propheta
1989 4542 2135 4618 haec,

2246 4545 2282 4589 Ο
2319 4537 2596 4614 προφήτης
2654 4545 2838 4616 ταῦτα,
2892 4537 3094 4611 μᾶλλον
3152 4538 3205 4594 δὲ
3236 4541 3264 4595 ὸ
3295 4543 3422 4604 Θεὸς
3453 4538 3809 4596 διακελεύεται
3847 4560 3859 4571 ·

497 4629 617 4690 imo
649 4630 809 4691 Deus
845 4629 1149 4708 praecipiat
1181 4644 1194 4688 :
1231 4635 1633 4686 verumtamen
1661 4637 1723 4686 ut
1753 4629 2023 4690 ostendat
2057 4633 2140 4692 eis

2246 4627 2363 4688 πλὴν
2407 4627 2497 4678 ’ἱνα
2551 4627 2690 4701 δείξῃ
2772 4627 2979 4699 αὖτοὺς,
3063 4627 3142 4684 ὅτι
3191 4628 3414 4684 πάντοτε
3469 4630 3738 4688 ἀπειθοῦσι
3790 4637 3865 4703 τῷ

495 4718 651 4799 quod
685 4737 924 4798 semper
944 4716 1355 4777 inobedientes
1387 4715 1506 4774 sint
1528 4715 1772 4794 Spiritui
1821 4729 2046 4799 sancto,
2083 4728 2138 4780 et

2246 4713 2484 4786 Ιιιεύματι
2545 4719 2614 4786 τῷ
2667 4715 2822 4794 ἁγίῳ,
2881 4718 2964 4772 καὶ
3022 4721 3125 4796 οὐχ
3183 4717 3261 4773 ὅτι
3307 4741 3367 4795 γε
3423 4710 3617 4791 Ἠσαίᾳ
3647 4728 3724 4793 τῷ
3752 4743 3862 4775 πα-

495 4827 611 4868 ηοη
635 4809 808 4869 modo
833 4805 1133 4868 noluerint
1154 4804 1401 4865 credere
1419 4803 1585 4864 Isaiae
1602 4807 1780 4865 veteri
1810 4809 2132 4886 prophetaa,

2246 4807 2354 4874 ,αιῷ
2393 4805 2666 4881 προφήτῃ,
2719 4807 2806 4860 καὶ
2851 4807 2920 4870 εἷς
2976 4804 3145 4875 λήθην
3172 4805 3308 4870 ἴσως
3356 4808 3535 4870 αὒτοῖς
3567 4810 3858 4886 γενομένῳ,

493 4897 660 4976 cujus
681 4897 833 4958 forte
857 4895 1203 4956 memoriam
1226 4913 1343 4954 non
1371 4892 1805 4967 habebant,sed
1835 4914 1908 4956 ne
1925 4898 2133 4958 .loanni

2246 4889 2353 4945 ,ὶλὰ
2409 4893 2494 4947 καὶ
2537 4897 2612 4964 τῷ
2655 4894 2782 4972 χθὲς
2832 4895 3040 4974 φανέντι
3090 4893 3333 4971 Ἰωάννῃ,
3368 4902 3443 4969 τῷ
3472 4895 3615 4971 ἔιύλῳ
3674 4911 3864 4977 μικροῦ

489 4984 729 5065 quidem
765 4983 888 5046 viro
935 4981 1298 5060 evangelico,
1348 4980 1710 5060 minimeque
1753 4982 1997 5062 carnali,
2031 4991 2131 5064 qui

2246 4982 2302 5035 ,αὶ
2356 4981 2590 5060 ἀσάρκῳ,
2653 4987 2744 5041 οὒκ
2800 4984 3063 5050 ἠθέλησαν
3106 4994 3402 5060 πιστεύσαι,
3437 4984 3519 5042 διὰ
3577 4998 3732 5046 τοῦτο
3763 4991 3859 5044 ἂν-

488 5089 681 5150 nuper
710 5078 1084 5152 apparuerat,
1118 5067 1508 5140 crediderint,
1536 5075 1846 5148 propterea
1878 5070 2128 5131 interro-

2247 5075 2415 5147 ερωτᾷ
2473 5071 2656 5133 αὐτοὺς
2712 5073 2808 5138 την
2866 5071 3275 5148 ἀξιοθαύμαστον
3331 5077 3526 5142 ταύτην
3573 5078 3858 5156 ἐρώτησιν,

485 5162 778 5241 gationem
829 5161 977 5220 hanc
1010 5157 1402 5219 admiratione
1447 5157 1682 5247 dignam
1729 5158 1889 5238 facit,
1923 5180 2036 5240 qua
2069 5173 2126 5222 et

2246 5160 2270 5212 ι’
2323 5161 2389 5224 ἧς
2424 5159 2745 5236 ἐπιστομίζει
2807 5163 2903 5236 μὲν
2960 5163 3046 5217 καὶ
3074 5165 3284 5239 αὐτοὺς,
3319 5162 3538 5221 δείκνυσι
3583 5165 3639 5222 δὲ
3697 5169 3855 5247 ἡμῖν,

484 5251 746 5312 confutat
779 5250 933 5310 illos.
965 5247 1237 5311 Ostendit
1263 5255 1455 5307 autem
1484 5255 1541 5307 et
1564 5246 1734 5307 nobis
1765 5249 1920 5327 quod
1953 5251 2000 5309 si
2026 5251 2125 5313 tali

2246 5271 2287 5303 τι
2340 5251 2382 5304 εἰ
2439 5256 2513 5322 τῷ
2570 5249 2866 5324 τηλικούτῳ
2928 5254 3174 5332 προφήτῃ
3234 5257 3328 5312 οὐκ
3386 5255 3694 5313 ἐπίστευσαν
3782 5263 3860 5329 τῷ

485 5341 791 5420 prophetae
820 5338 1055 5411 Joanni,
1109 5337 1208 5416 qui
1258 5337 1446 5414 major
1493 5353 1557 5396 se
1601 5335 1947 5413 habebatur,
2006 5359 2121 5402 non

2252 5339 2451 5414 ωάννῃ,
2527 5347 2602 5412 τῷ
2657 5343 2851 5415 μείζονι
2935 5344 3090 5398 αὐτοῦ
3158 5342 3419 5425 δοκοῦντι,
3500 5348 3617 5424 περὶ
3700 5349 3859 5403 σύτο-5

481 5429 867 5490 crediderunt
889 5428 963 5489 de
982 5429 1110 5507 ipso
1133 5424 1451 5497 testiﬁcati,
1476 5425 1768 5504 quomodo
1793 5425 1905 5486 sibi
1925 5439 2126 5492 essent

2253 5436 2574 5507 αρτυροῦντι,
2635 5435 2748 5492 πῶς
2828 5429 2889 5486 ἂν
2968 5435 3109 5507 αὐτῷ
3165 5436 3498 5491 πιστεύσαιεν
3551 5435 3855 5516 ἀπολογου-

2228 4525 2282 4589 Ὀ
2319 4537 2596 4614 προφήτης
2654 4545 2838 4616 ταῦτα,

2223 4621 2363 4688 πλὴν
2407 4622 2497 4678 ’ίνα
2551 4623 2690 4701 δείξῃ
2772 4627 2979 4699 αὖτοὺς,

557 5588 591 5636 3
619 5581 729 5648 lsi.
762 5602 886 5663 va,
916 5588 978 5648 7.
1065 5587 1098 5634 4
1124 5584 1282 5647 Psal.
1305 5597 1430 5666 cxx,
1455 5585 1514 5648 4.
1581 5602 1603 5620 ’
