4140 6280
219 348 367 417 1044

947 355 1390 418 ENARRATIO
1439 356 1516 416 IN
1567 347 2074 415 EVANGELIUM
2122 347 2358 408 LUC/E.
2398 379 2475 390 —
2519 348 2682 408 CAP.
2712 348 2846 408 ΧΧ.

3443 337 3598 403 1042

218 492 311 557 Μὴ
375 489 607 568 γένοιτο,
672 490 730 548 Τί
782 496 871 547 οὖν
926 492 954 546 6
999 491 1272 567 Χριστόςς
1326 486 1547 564 Ἐπσίγει
1577 487 1664 542 καὶ
1695 483 1873 561 ἑτέραν

1977 476 2268 568 Ηιιξίειιιεῖ
2297 478 2539 568 adducit
2573 486 2630 540 et
2652 478 2816 542 aliud
2853 478 3251 538 testimonium
3289 472 3598 568 e_i_t_David,

219 579 510 658 μαρτυρίαν
568 579 680 635 ἀπὸ
724 585 814 636 τοῦ
869 576 1042 643 Δαυὶδ,
1101 577 1240 633 λίθον
1290 577 1387 652 μὲν
1445 576 1627 630 ἑαυτὸν
1674 571 1871 645 ὀνομά-

220 675 357 742 ζων,
434 665 743 740 οἰκοδόμους
803 665 859 722 δὲ
932 668 1052 730 τοὺς
1111 665 1448 726 διδασκαλους
1507 664 1690 726 αὐτοὺς
1747 660 1879 716 καθὰ

226 760 319 814 καὶ
378 761 404 814 6
450 755 706 829 Ἰεζεκιήλ
791 780 974 838 φησιν,

231 850 324 902 καὶ
382 847 685 926 ἀλείφοντες
763 847 1080 924 ἀναρτύτως,

1066 753 1471 830 Οἰκοδομοῦντες
1528 755 1619 808 τὸν
1688 763 1878 828 τοῖχον

1174 845 1461 915 τουτέστιν,
1513 845 1558 897 οἱ
1630 842 1695 896 τὰ
1750 839 1879 916 πρὸς

230 937 392 1014 χάριν
451 935 718 1014 λέγοντες,
778 938 868 991 καὶ
921 933 1374 1012 συγκαλύπτοντες
1425 932 1489 988 τὰ
1533 930 1879 1004 ἐλαττώματα

224 1031 322 1080 τοῦ
377 1023 504 1081 λαοῦ
574 1027 662 1081 καὶ
753 1030 870 1081 οἷον
937 1023 1324 1098 ἐμπλάττοντες
1414 1020 1736 1084 ἐπιπολαίως
1816 1020 1880 1074 τὰ

222 1115 390 1191 σαθρὰ
437 1122 526 1170 τοῦ
579 1113 731 1188 λαοῦ,
779 1114 956 1191 ὥσπερ
1010 1115 1151 1174 τινος
1198 1113 1408 1190 τοίχου,
1457 1113 1574 1171 Πῶς
1607 1106 1878 1164 8661:530-

217 1204 455 1277 κίμασαν
509 1206 694 1261 τοῦτον
725 1205 816 1259 τὸν
865 1202 1006 1259 λίθον
1041 1222 1056 1281 ς
1095 1201 1338 1262 Εἰπόντες
1378 1217 1390 1230 ⁸
1429 1207 1590 1263 Οὗτος
1621 1199 1714 1254 οὒκ
1739 1196 1876 1252 ἐστιν

216 1295 285 1346 ἐκ
341 1299 432 1348 τοῦ
479 1300 630 1353 Θεοῦ,
698 1293 798 1348 Δύο
856 1291 910 1346 δὲ
951 1290 1216 1354 ἀπωλείας
1263 1289 1476 1345 ἐνταῧθα
1535 1287 1700 1365 λέγει·
1753 1287 1875 1344 μίαν

222 1383 325 1454 μὲν
369 1381 464 1448 τὴν
507 1384 612 1436 τῶν
657 1381 848 1460 ψυχῶν
892 1382 1087 1452 αὒτῶν,
1131 1378 1198 1446 ἣν
1245 1378 1388 1434 αὖτοὶ
1416 1374 1875 1438 σκανδαλισθέντες

537 1477 644 1534 Πᾶς
703 1471 802 1548 γὰρ
856 1473 883 1525 6
947 1472 1124 1525 πεσὼν
1200 1469 1283 1523 ἐπὶ
1337 1468 1426 1522 τὸν
1484 1465 1625 1521 λίθον
1693 1472 1874 1520 τοῦτον

791 1558 970 1636 ἑτέραν
1025 1557 1079 1614 δὲ
1136 1558 1235 1624 τὴν
1285 1557 1390 1612 ἀπὸ
1438 1560 1536 1621 τῆς
1598 1553 1885 1633 αἱχμαλω-

225 1470 422 1526 ἔπαθον
457 1489 471 1504 ο

229 1554 676 1630 συνθλασθήσεται
709 1578 720 1591 ·

230 1653 374 1722 σίας,
408 1652 474 1717 ἦν
507 1653 534 1706 ὁ
571 1651 712 1714 λίθος
744 1655 926 1714 αὐτοῖς
957 1649 1250 1727 ἐπήγαγεν,
1297 1649 1324 1702 6
1368 1645 1490 1724 παρ’
1537 1647 1704 1700 αὖτῶν
1737 1644 1886 1709 ἐξου-

225 1740 493 1802 δενωθείς.
543 1738 657 1818 Ἐφ’
711 1741 768 1795 ὃν
829 1739 952 1818 γὰρ,
1007 1739 1156 1817 φησὶ,

1959 565 2214 644 lapidem
2262 567 2501 647 quidem
2553 570 2808 648 seipsum
2860 568 3196 646 nominans,
3241 555 3601 648 aedificantes

1959 641 2154 716 autem
2177 641 2450 716 doc-tores
2481 641 2686 735 ipsos':
2722 641 3219 735 quemadmodum
3243 661 3299 714 et
3323 641 3600 712 Ezechiel

1963 744 2106 804 dicit
2140 766 2152 805 :
2186 745 2571 805 fEdilicantes
2624 745 2905 824 parietem
2953 753 3010 804 et
3055 743 3332 804 linientes
3377 741 3601 820 absque

1965 841 2383 913 temperatura,
2420 835 2529 893 hoc
2582 842 2696 912 est,
2743 833 2845 913 qui
2876 832 2947 892 ad
2980 831 3221 910 gratiam
3259 831 3597 910 loquuntur,

1962 928 2018 980 et
2047 921 2396 1000 cooperiunt
2420 922 2636 982 delicta
2658 920 2880 1001 p0puli,
2916 929 2972 982 et
2997 920 3172 981 veluti
3201 919 3263 979 in
3285 918 3601 997 superﬁcie

1965 1009 2097 1069 vitia
2155 1009 2354 1088 populi
2407 1009 2644 1080 liniuut,
2706 1010 2857 1070 velut
2920 1008 3204 1088 parietem
3258 1007 3598 1087 quemdam.

1962 1089 2263 1168 Quomodo
2313 1105 2504 1158 autem
2565 1097 3031 1177 reprobaverunt
3084 1095 3338 1175 lapidem
3386 1095 3551 1155 illum
3582 1096 3610 1154 ?

1960 1187 2097 1264 quia
2126 1185 2402 1247 dicebant
2439 1204 2451 1247 :
2495 1185 2604 1246 Hic
2635 1201 2753 1249 non
2787 1191 2874 1246 est
2921 1204 2992 1246 ex
3024 1184 3166 1245 Deo.
3222 1183 3377 1245 Duas
3409 1192 3603 1244 autem

1961 1273 2323 1353 po-rditiones
2355 1275 2451 1335 hic
2487 1274 2663 1335 dicit:
2700 1273 2888 1336 Unam
2921 1274 3251 1334 animarum
3285 1272 3518 1333 illorum
3546 1272 3604 1331 in

1959 1382 2130 1441 quam
2179 1363 2520 1424 incidebant
2564 1363 3000 1424 scandalizati:
3044 1362 3252 1424 Omnis
3299 1362 3455 1422 enim
3506 1360 3607 1440 qui

1965 1451 2249 1512 ceciderit
2277 1469 2455 1530 super
2479 1451 2732 1531 lapidem
2759 1451 2958 1523 istum,
2989 1450 3428 1528 confringetur;
3458 1449 3608 1510 alte-

1968 1557 2090 1599 ram
2124 1540 2494 1618 captivitatis,
2550 1558 2723 1618 quam
2771 1545 3146 1618 contemptus
3194 1538 3296 1599 ille
3341 1537 3489 1617 lapis
3520 1538 3607 1598 eis

1969 1628 2248 1689 attulerit.
2311 1626 2502 1705 Super
2565 1645 2738 1705 quem
2797 1626 2956 1686 enim
3015 1625 3317 1698 ceciderit,
3352 1625 3608 1686 dissilire

1214 1736 1386 1807 πέσει,
1419 1734 1670 1808 λικμήσει
1704 1734 1857 1789 αὐτόν

1977 1714 2134 1775 illum
2166 1715 2358 1777 faciet.
2387 1715 2494 1808 ASic
2524 1715 2704 1792 igitur
2733 1712 3352 1808 dissilueruntjudmi,
3388 1721 3447 1774 et
3474 1713 3604 1774 dis-

227 1830 407 1887 Οἷτωε
453 1833 540 1887 οὗν
600 1801 969 1904 ἐκλιμήθίλσιαίθ
1022 1801 1074 1882 ιοἱ
1148 1824 1416 1902 Ἰουδαῖοι,
1465 1825 1549 1879 καὶ
1588 1821 1879 1899 διεσπάρη-

1977 1804 2124 1883 persi
2157 1813 2313 1881 sunt,
2351 1803 2506 1864 sicut
2561 1803 2744 1882 paleae
2799 1802 2872 1862 ab
2931 1820 3050 1862 una
3107 1819 3244 1862 area
3297 1801 3514 1863 Judaeae
3545 1803 3605 1861 in

333 1969 347 2000 ,
408 1921 585 1994 ὥσπερ
629 1919 806 1998 ἄχυρα
851 1919 955 1973 ἀπὸ
1022 1924 1146 1993 μιᾶς
1191 1914 1416 1983 ἅλωνος,
1462 1918 1561 1979 τῆς
1605 1911 1877 1980 Ἰουδαίας,

226 2014 303 2072 εἷς
350 2011 520 2066 πάντα
562 2011 652 2066 τὸν
695 2009 918 2082 κόσμον.
977 2007 1356 2082 Παρατήρησον
1421 2001 1498 2073 δὲ,
1559 2001 1638 2056 ὅτι
1682 2001 1880 2079 πρότε-

228 2122 318 2175 ρον
377 2099 572 2156 ἐκεῖνοι
626 2098 816 2154 ἔπεσον
861 2097 945 2152 ἐπὶ
1008 2098 1096 2151 τὸν
1141 2094 1302 2171 λίθον,
1350 2090 1636 2170 τουτέστιν,
1686 2089 1876 2145 ἐσκαν-

227 2187 571 2260 δαλίσθησαν,
620 2185 719 2242 εἷθ’
765 2185 930 2248 οὕτως
991 2188 1018 2240 6
1073 2182 1211 2246 λίθος
1285 2181 1470 2243 ἕπεσες
1524 2179 1610 2234 ἐπ’
1670 2179 1877 2256 αὐτοὺς,

230 2279 319 2332 καῖ
379 2277 750 2352 ἐτιμωρήσατο
786 2292 799 2306 ⁸
860 2286 1182 2350 προηγεῖται
1228 2272 1325 2348 γὰρ
1367 2271 1400 2336 ἡ
1465 2266 1569 2343 ἐμὴ
1628 2268 1878 2343 ἁμαρτία,

231 2360 337 2422 εἴθ’
386 2364 549 2429 οὕτως
595 2367 626 2432 ἦ
675 2367 763 2420 τοῦ
807 2370 937 2419 Θεοῦ
967 2359 1050 2416 ἐπ’
1083 2360 1176 2434 ἐμὲ
1210 2358 1382 2414 δικαία
1438 2357 1682 2434 τιμωρία.
1734 2351 1882 2410 Ἀλλ’

232 2460 279 2511 οἱ
338 2457 434 2529 μὲν
495 2452 745 2511 Ἰουδαῖοι
813 2451 1202 2524 ἀπεδοκίμασαν
1246 2451 1335 2503 τὸν
1393 2447 1533 2503 λίθον
1577 2453 1806 2500 τοῦτον·
1859 2445 1884 2498 6

230 2545 284 2598 δί
331 2554 578 2602 τοσοῦτον
638 2543 701 2609 ἧν
747 2540 934 2612 καλὸς,
993 2541 1080 2596 καὶ
1125 2537 1394 2615 ἐκλεκτὸς,
1441 2535 1576 2592 ὥστε
1609 2537 1680 2597 εἰς
1713 2555 1880 2614 κεφα-

973 2630 1060 2683 καὶ
1116 2626 1201 2683 δύο
1258 2627 1474 2704 τοίχους
1533 2621 1882 2699 συμϐαλέσθαι

224 1944 322 1976 σαν

231 2633 334 2698 λὴν
385 2633 580 2708 γωνίας
658 2631 893 2704 τεθῆναι,

231 2722 320 2777 καί
389 2722 605 2799 ἐνιῦσαι,
661 2721 726 2776 τά
797 2741 854 2774 τε
919 2717 1120 2774 παλαιὰ
1161 2718 1248 2770 καὶ
1291 2716 1355 2769 τὰ
1398 2713 1512 2771 νέα.
1560 2713 1739 2768 Καίτοι
1785 2710 1885 2765 ἔδει

237 2812 418 2872 αὖτοὺς
481 2809 703 2865 ἄκουσαι
767 2799 992 2865 Ἠσαίου
1046 2804 1294 2882 λέγοντος
1332 2819 1345 2832 ·
1419 2822 1443 2856 (ι
1501 2811 1685 2874 Κύριον
1731 2801 1886 2858 αὐτὸν

239 2900 507 2975 ὰγιάσετε,
557 2898 643 2952 καὶ
688 2897 840 2957 αυτὸς
899 2893 1044 2949 ἔσται
1093 2894 1220 2966 ὑμῖν
1279 2887 1459 2970 φόϐος,
1521 2889 1605 2943 καὶ
1664 2888 1763 2965 οὔχ
1806 2889 1880 2948 ὡς

240 2987 381 3042 λίθου
457 2987 830 3060 προσκόμματι
915 2981 1260 3056 συναντῆισετε
1359 2978 1518 3050 αύτῷ,

243 3075 439 3152 πέτρας
500 3079 766 3146 πτώματι,
805 3095 830 3126 ι
868 3075 927 3129 Οἱ
957 3069 1010 3128 δὲ
1039 3071 1127 3125 καὶ
1157 3065 1392 3144 γνόντες,
1453 3064 1530 3120 ὅτι
1575 3062 1643 3117 δι’
1701 3066 1764 3120 αὖ

256 3151 354 3230 τὴν
408 3162 714 3230 παραϐολὴν
769 3160 934 3239 λέγει,
993 3157 1326 3235 βουλεύονται
1399 3151 1518 3210 κατ’
1577 3157 1750 3223 αὖτοῦ,
1812 3153 1899 3206 καὶ

256 3255 299 3308 εἰ
346 3253 422 3326 μὴ
467 3253 532 3319 ἦν
575 3254 602 3306 6
646 3257 736 3305 τοῦ
781 3237 909 3304 λα-οὖ
953 3245 1137 3328 φόϐος,
1169 3246 1257 3300 καὶ
1286 3257 1477 3322 χεῖρας
1527 3241 1587 3297 ἂν
1643 3237 1898 3296 ἐπέϐαλον

253 3340 336 3396 ἐπ’
400 3342 577 3402 αὑτὸν,
643 3341 737 3396 Καὶ
781 3345 870 3393 τοῦ
917 3338 1013 3412 μὲν
1057 3335 1218 3410 νόμου
1261 3333 1530 3409 λέγοντος,
1574 3328 1768 3386 Ἀθώον
1813 3335 1898 3389 καὶ

251 3431 454 3486 δίκαιον
511 3430 606 3484 οὒκ
690 3428 1028 3498 ἀποκτενεῖς,
1105 3424 1462 3500 παρήκουσαν,
1523 3417 1613 3475 τόν
1667 3415 1720 3471 δέ
1793 3423 1896 3471 τῶν

250 3521 539 3596 ἀρθρώπων
596 3519 757 3591 θυμὸν
828 3513 1127 3594 φοϐῶνται,
1187 3512 1274 3566 καὶ
1337 3506 1741 3564 ἆναστέλλονται
1800 3504 1896 3570 τῆς

247 3613 309 3664 ἐι
340 3615 431 3663 τοῦ
462 3614 682 3687 φανεροῦ
713 3605 993 3666 ἐπιθέσεως
1033 3597 1420 3657 ἐπιϐουλεύουσι
1449 3595 1503 3651 δὲ
1537 3594 1733 3656 ἄλλως,

336 3723 360 3750 ‹‹
429 3698 523 3754 Καὶ
613 3695 1107 3762 παρατηρήσαντες,
1187 3685 1501 3744 ἀπέστειλαν
1587 3683 1895 3762 ἐγκαθέτους

245 3785 683 3861 -υτοκρινομένους
747 3783 960 3844 ἑαυτοὺς
1040 3777 1267 3838 δικαίους
1308 3777 1491 3847 εἶναι,
1555 3774 1645 3829 ἵνα
1705 3772 1896 3828 ἐπιλά-

1604 3863 1759 3918 αὒτὸν
1830 3861 1897 3926 τῆ

613 3695 1107 3774 παρατηρήσαντες,

247 3877 443 3932 ϐωνται
489 3875 646 3929 αὐτοῦ
706 3872 862 3948 λόγον
928 3873 999 3931 εἷς
1074 3869 1134 3922 τὸ
1193 3863 1512 3942 παραδοῦναι

250 3967 420 4042 ἀρχῇ,
470 3967 556 4018 καὶ
599 3969 668 4038 τῇ
727 3959 926 4030 ἐξουσίᾳ
967 3965 1056 4013 τοῦ
1111 3957 1394 4033 ἡγεμόνος.
1460 3955 1555 4010 Καὶ
1611 3951 1898 4026 ἐπηρώτων

350 4056 430 4118 ὃν,
493 4051 734 4118 λέγοντες
772 4069 786 4083 ο
844 4044 1158 4112 Διδάσκαλε,
1201 4043 1444 4118 οἴδαμεν,
1493 4041 1571 4096 ὅτι
1623 4040 1785 4116 ὀρθῶς
1819 4038 1900 4093 λέ-

248 4055 430 4120 αυτὸν,
493 4055 734 4120 λέγοντες
772 4069 786 4083 ο
844 4055 1158 4112 Διδάσκαλε,
1201 4055 1444 4120 οϊόαμεν,

978 4137 1064 4190 καὶ
1121 4134 1178 4188 οὗ
1249 4130 1534 4206 λαμϐάνεις
1591 4129 1896 4206 πρόσωπον,

493 4051 734 4129 λέγοντες
772 4069 786 4083 ’

440 4143 527 4196 καὶ
609 4138 890 4202 διδάσκεις,

417 4101 430 4130 3

248 4343 366 4375 στιν
417 4321 548 4392 ἡμῖν
596 4320 753 4397 φόρον
809 4317 1024 4392 Καίσαρι
1076 4312 1272 4386 δουναι,
1320 4311 1354 4378 ἢ
1399 4308 1496 4381 οὕς
1558 4307 1900 4373 Κατανοήσας

245 4409 304 4465 δῖ
364 4411 532 4464 αἰτῶν
593 4409 692 4472 τὴν
751 4407 1090 4482 πανουργίαν,
1153 4406 1275 4457 εἷπε
1329 4401 1458 4477 πρὸς
1507 4397 1714 4457 αύτούς·
1753 4395 1813 4451 Τί
1841 4417 1973 4468 μεθ

553 4518 567 4576 ;
649 4493 970 4559 ,Επιδείξατέ
1054 4515 1144 4567 μοι
1222 4490 1486 4567 δηνάριον,
1549 4487 1698 4548 Τίνος
1785 4483 1903 4561 ἔχει

250 4589 427 4643 εἰκόνα
483 4590 571 4643 καὶ
616 4586 961 4663 ἐπιγραφήν,
1023 4579 1426 4657 Ἀποκριθέντες
1483 4576 1663 4634 εἶπον,
1703 4573 1900 4630 Καίσα-

248 4700 362 4753 ρος.
428 4668 484 4732 Ὀ
545 4675 598 4730 δὲ
656 4675 810 4730 εἶπεν
872 4674 1051 4734 αυτοῖς
1091 4693 1102 4706 ·
1167 4665 1420 4725 Ἀπόδοτε
1460 4665 1631 4720 τοίνυν
1672 4663 1737 4716 τὰ
1771 4661 1904 4717 Καί-

248 4789 408 4838 σαρις
463 4764 710 4840 Καίσαρι,
796 4764 884 4817 καὶ
963 4763 1028 4816 τὰ
1103 4767 1194 4814 του
1263 4766 1393 4832 ῷεοὺ
1445 4762 1520 4828 τῷ
1593 4757 1728 4824 Θεῷ,
1808 4749 1903 4804 Καὶ

247 4875 341 4912 ουκ
395 4855 628 4932 ἴσχυσαν
711 4848 1049 4908 ἐπιλαϐέσθαι
1135 4848 1293 4903 αυτοῦ
1364 4845 1598 4922 ῥήματος
1670 4837 1900 4932 ἐναντίον

243 4952 339 5000 τοῦ
439 4943 590 5014 λαοῦ,
683 4943 769 4996 καὶ
863 4940 1220 5012 θαυμάσαντες
1309 4934 1393 4990 ἐπὶ
1477 4938 1542 5007 τῇ
1630 4928 1900 5004 ἀποκρίσει

245 5036 429 5110 αὐτου,
505 5032 781 5108 ἐσίγησαν.
869 5045 894 5087 ι
987 5024 1188 5103 Παγίδα
1262 5024 1558 5097 ἦτοίμασαν
1615 5021 1661 5073 οἱ
1732 5023 1899 5092 Φαρι-

245 5101 830 5198 σχῖοιιδυσδιάνρυκτον
886 5121 961 5188 τῷ
999 5115 1189 5192 Κυρίῳ,
1226 5113 1297 5176 ὥς
1358 5132 1418 5189 γε
1476 5107 1710 5176 ἐδόκουν,
1770 5101 1905 5158 ἀλλά

1490 5195 1572 5252 ἵδε
1630 5195 1728 5272 γὰρ
1798 5212 1902 5246 κα-

248 4499 520 4575 πειραζετε
553 4518 564 4575 ς

247 5207 552 5286 συνελήφθη
615 5207 667 5260 ἐν
726 5207 890 5279 ταύτῃ
949 5207 976 5259 6
1035 5204 1161 5266 ποὺς
1215 5205 1384 5260 αὐτῶν
1419 5215 1431 5228 ⁸

425 5297 435 5315 Ι
463 5279 472 5286 -
742 5297 757 5314 κ
867 5294 890 5314 Ἰ
1165 5293 1179 5312 \
1289 5289 1313 5307 ﬂ
1431 5285 1453 5305 ἢ
1594 5287 1604 5306 ι
1717 5305 1728 5314 .
1766 5279 1788 5298 Ν
1816 5280 1838 5298 Ν
1856 5281 1866 5300 Ι

246 5318 521 5374 κουργιαν.
584 5299 640 5352 Εἰ
699 5318 794 5368 μεν
840 5315 1006 5372 ειποι,
1054 5313 1236 5370 φησιν,
1287 5311 1366 5344 οτι
1426 5301 1508 5342 es?
1541 5307 1729 5363 φορουι.
1761 5297 1904 5336 omo-

242 5411 333 5444 ναι
396 5386 639 5462 Καίσαρι,
718 5381 1114 5459 κατηγορητέος
1173 5382 1302 5457 πρὸς
1362 5379 1452 5433 τὸν
1510 5375 1660 5446 λαὸν,
1716 5373 1786 5431 ὼς
1847 5371 1906 5424 τὸ

244 5478 395 5538 ἔθνος
428 5476 499 5538 εἷς
563 5473 798 5530 δουλείαν
835 5471 1076 5549 ὑπάγων,
1135 5468 1342 5547 σπέρμα
1389 5463 1632 5543 Ἀϐραὰμ
1686 5462 1770 5533 ὃν,
1823 5458 1909 5514 καὶ

343 5633 522 5697 613a.
557 5650 682 5706 VIII,
722 5629 940 5704 13,14.

1969 1900 2150 1952 totum
2207 1892 2344 1952 454
2392 1895 2703 1953 mundum.
2760 1890 3018 1953 Observa
3058 1897 3254 1972 autem
3305 1891 3462 1970 quod
3522 1890 3608 1950 illi

1967 1980 2128 2058 prius
2161 1981 2506 2042 ceciderunt
2541 1997 2719 2059 super
2752 1978 3032 2058 lapidem,
3068 1979 3179 2040 hoc
3210 1985 3319 2056 est,
3353 1979 3607 2039 scanda-

1965 2069 2111 2128 lizati
2143 2080 2302 2147 sunt,
2338 2067 2557 2128 deinde
2592 2067 2735 2146 lapis
2765 2067 2976 2128 cecidit
3007 2082 3188 2146 super
3211 2084 3335 2140 eos,
3373 2075 3429 2126 et
3451 2067 3610 2127 ultus

1967 2165 2054 2217 est
2078 2157 2247 2218 illos:
2284 2156 2568 2236 pracedit
2599 2154 2756 2216 enim
2791 2162 3095 2235 peccatum
3133 2171 3356 2226 meum,
3391 2154 3609 2215 deinde

1966 2246 2238 2326 sequitur
2269 2254 2327 2306 et
2349 2245 2512 2324 justa
2544 2244 2652 2304 Dei
2685 2243 2960 2303 vindicta.
3003 2244 3224 2303 Verum
3254 2241 3442 2305 Judazi
3475 2243 3612 2323 qui-

1967 2335 2105 2394 dem
2139 2333 2610 2413 reprobaverunt
2643 2332 2899 2412 lapidem
2944 2331 3147 2392 istum.
3196 2331 3269 2391 At
3316 2331 3462 2410 lapis
3509 2330 3612 2391 ille

1971 2431 2096 2483 erat
2127 2423 2371 2501 pulcher
2395 2429 2451 2482 et
2483 2421 2733 2499 electus,
2770 2420 2849 2480 ita
2893 2427 2957 2480 ut
3003 2427 3064 2480 et
3108 2421 3166 2478 in
3195 2426 3373 2498 caput
3414 2419 3612 2497 anguli

1970 2513 2047 2573 sit
2079 2511 2323 2590 positus,
2384 2519 2441 2571 et
2484 2509 2859 2588 conjunxerit
2915 2507 3193 2588 parietes,
3258 2515 3315 2568 et
3361 2508 3615 2568 univerit

1975 2611 2182 2661 vetera
2209 2617 2277 2660 ac
2308 2618 2470 2659 nova.
2511 2600 2583 2659 Et
2630 2596 2772 2677 quid
2805 2596 3004 2657 multis
3027 2603 3054 2658 ?
3103 2594 3428 2676 Oportebat
3473 2596 3617 2656 illos

1972 2688 2176 2748 audire
2207 2687 2412 2748 Isaiam
2448 2687 2741 2748 dicentem
2781 2705 2794 2747 :
2835 2709 2861 2739 α
2899 2683 3208 2745 Dominum
3243 2684 3438 2764 ipsum
3473 2702 3611 2744 san-

1973 2777 2247 2847 ctiﬁcate,
2281 2783 2338 2834 et
2367 2775 2493 2853 ipse
2519 2776 2631 2833 erit
2680 2781 2872 2833 vester
2904 2773 3101 2846 timor,
3139 2779 3196 2834 et
3241 2791 3358 2832 non
3389 2770 3624 2851 impia?

1965 2866 2113 2943 getis
2143 2864 2203 2923 in
2237 2863 2403 2922 illum
2438 2870 2498 2921 ut
2531 2862 2590 2920 in
2616 2860 2875 2940 lapidem
2907 2858 3270 2940 offensionis,
3307 2869 3363 2919 et
3387 2868 3610 2939 petram

1656 2976 1668 2993 ρ
1688 2948 1763 2992 ’λ’ιῇ
1815 2976 1826 2992 ο

1623 2995 1709 3031 ουο
1802 2996 1876 3037 ως

1977 2948 2306 3022 ;candali6.
2348 2975 2374 3006 υ
2405 2953 2484 3011 At
2530 2950 2617 3009 illi
2669 2949 2926 3010 scientes
2959 2948 3115 3027 quod
3165 2957 3406 3027 propter
3455 2949 3616 3027 ipsos

1767 3064 1885 3126 τοὺς
1907 3072 1944 3121 C
1973 3041 2310 3122 parabolam
2343 3039 2517 3117 dicat,
2555 3037 2868 3126 consilium
2901 3038 3107 3098 ineunt
3137 3045 3340 3096 contra
3363 3053 3523 3107 eum,
3559 3044 3618 3102 et

1983 3129 2096 3189 nisi
2127 3129 2334 3188 fuisset
2365 3126 2539 3186 timor
2564 3125 2786 3205 populi,
2820 3126 3000 3185 etiam
3036 3141 3245 3183 manus
3275 3123 3617 3201 injecissent

1981 3219 2039 3277 in
2071 3235 2226 3278 eum.
2290 3215 2359 3276 Et
2417 3221 2897 3293 contempserunt
2953 3212 3191 3292 quidem
3243 3211 3432 3289 legem
3487 3229 3620 3290 quae

1979 3308 2120 3367 dicit
2153 3323 2165 3366 :
2218 3308 2600 3366 Innocentem
2639 3310 2698 3362 et
2725 3303 2950 3379 justum
2984 3319 3100 3360 non
3134 3300 3393 3360 occides.
3417 3299 3619 3359 Timu-

1981 3401 2153 3456 erunt
2183 3402 2375 3454 autem
2408 3401 2464 3451 et
2497 3390 2760 3469 repressi
2814 3398 2950 3451 sunt
3000 3408 3034 3448 a
3080 3397 3238 3448 metu
3288 3388 3614 3466 hominum,

1982 3503 2055 3545 ne
2090 3482 2398 3543 manifeste
2446 3478 2725 3539 invadant
2771 3496 2928 3552 eum,
2983 3477 3086 3538 sed
3131 3477 3381 3557 clamei
3424 3477 3619 3536 denuo

1980 3572 2360 3634 insidiantur.

2060 3660 2242 3722 Vnus.
2277 3655 2498 3720 21-26.
2539 3681 2565 3710 «
2599 3654 2668 3716 Et
2697 3655 3082 3717 observantes
3113 3656 3441 3717 emiserunt
3470 3654 3620 3714 insi-

1981 3752 2236 3811 diatores
2256 3747 2355 3828 qui
2389 3764 2452 3806 se
2478 3749 2670 3824 justos
2698 3745 3065 3819 simularent,
3097 3755 3158 3804 ut
3189 3752 3621 3823 caperenteum

1982 3857 2049 3900 ex
2113 3853 2413 3910 sermone,
2464 3833 2885 3911 traderentque
2937 3834 3101 3894 illum
3165 3831 3519 3913 principatui
3568 3840 3626 3890 et

1986 3924 2251 4006 potestati
2278 3921 2543 4004 praesidis
2572 3942 2584 3983 :
2621 3929 2680 3981 et
2709 3921 3221 4000 interrogaverunt
3254 3920 3624 3992 eum,dicen-

1985 4027 2067 4077 tes
2109 4034 2121 4076 :
2158 4012 2456 4091 Magister,
2487 4011 2711 4071 seimus
2743 4011 2897 4090 quod
2931 4021 3090 4071 recte
3133 4011 3280 4071 dicis
3309 4029 3377 4070 ac
3422 4009 3621 4083 doces,

1986 4125 2095 4165 nec
2127 4101 2377 4182 respicis
2404 4118 2746 4179 personam,
2775 4101 2877 4159 sed
2909 4101 3059 4158 viam
3083 4099 3185 4163 Dei
3216 4118 3345 4158 cum
3381 4097 3624 4160 veritate

1987 4196 2168 4254 doces
2198 4213 2210 4252 :
2245 4191 2382 4250 licet
2414 4187 2885 4247 nobistributum
2921 4188 3060 4248 dare
3093 4188 3326 4258 Czesari,
3352 4204 3425 4245 an
3466 4185 3624 4245 non?

1986 4283 2290 4344 Intellecta
2319 4285 2513 4337 autem
2566 4275 2800 4334 illorum
2846 4276 3125 4355 versutia,
3175 4275 3320 4335 dixit
3366 4273 3436 4333 ad
3467 4291 3617 4333 eos:

1991 4370 2138 4442 Quid
2175 4388 2267 4428 me
2297 4364 2578 4426 tentatis?
2606 4361 2909 4426 Ostendite
2933 4364 3077 4424 mihi
3109 4361 3626 4440 denariumﬂujus

1992 4461 2168 4522 habet
2199 4455 2515 4534 imaginem
2560 4461 2616 4514 et
2647 4453 3092 4532 inscriptionem
3119 4455 3141 4515 ἲ
3174 4450 3628 4531 Ιίεεροηᾱειιιεε

1990 4551 2284 4616 dixerunt,
2318 4542 2586 4607 Caesaris.
2623 4544 2696 4604 Et
2725 4544 2805 4603 ait
2835 4543 2952 4605 illis
2988 4567 3000 4603 :
3032 4545 3281 4614 Reddite
3312 4561 3449 4621 ergo
3496 4562 3627 4624 quae

1987 4648 2123 4702 sunt
2153 4635 2418 4713 Caisaris,
2452 4632 2668 4694 (lassari
2703 4654 2716 4691 :
2767 4643 2825 4694 et
2854 4652 2986 4714 quae
3031 4646 3164 4697 sunt
3195 4635 3323 4714 Dei,
3358 4634 3500 4696 Deo.
3555 4634 3629 4696 Et.

1989 4749 2104 4792 non
2137 4730 2451 4807 potuerunt
2480 4721 2720 4782 verbum
2773 4726 2899 4802 ejus
2931 4726 3376 4804 reprehendere
3424 4743 3626 4785 coram

1988 4818 2205 4902 populo
2241 4834 2255 4890 ;
2289 4823 2348 4876 et
2379 4811 2570 4872 mirati
2601 4829 2779 4890 super
2809 4830 3094 4902 responso
3129 4817 3276 4895 ejus,
3311 4816 3620 4874 obmutue.

1985 4916 2142 4970 rum,
2182 4931 2207 4959 ιι
2238 4905 2536 4981 Laqueum
2571 4909 2912 4978 paraverant
2943 4901 3237 4977 Pharisaei,
3273 4920 3448 4983 quem
3477 4901 3632 4962 diffl-

1985 4997 2120 5075 cile,
2153 5003 2219 5054 ut
2249 4991 2362 5050 sibi
2391 4987 2719 5063 videbatur,
2755 4991 3012 5067 effugere
3045 4999 3273 5072 poterat
3298 4990 3587 5053 Dominus
3616 5011 3628 5051 :

1986 5086 2088 5149 sed
2123 5078 2592 5160 comprehensus
2622 5086 2710 5138 est
2741 5077 2840 5138 illo
2873 5098 2976 5159 pes
3020 5098 3255 5141 eorum.
3287 5079 3440 5142 Vide
3472 5079 3630 5140 enim

1991 5173 2296 5236 malitiam.
2330 5170 2479 5230 Nam
2511 5166 2561 5226 si
2594 5166 2834 5242 quidem
2867 5169 3118 5230 dixisset
3151 5169 3413 5230 dandum
3451 5169 3633 5230 tribu»

1992 5277 2113 5326 tum
2148 5255 2384 5329 Czesari,
2414 5267 2788 5317 accusassent
2820 5276 2952 5318 eum
2986 5259 3139 5338 apud
3171 5259 3451 5339 populum
3475 5258 3633 5337 quod

1989 5355 2049 5415 in
2081 5347 2419 5412 servitutem
2448 5344 2720 5421 redigere
2753 5345 2984 5406 studeat
3009 5355 3239 5425 gentem
3266 5365 3395 5427 quae
3426 5365 3635 5407 semen

1991 5445 2245 5510 Abrahae
2275 5441 2373 5514 sit,
2407 5446 2469 5500 et
2498 5436 2717 5496 nullius
2750 5434 3014 5498 servituti
3039 5435 3291 5498 obnoxia
3328 5458 3340 5498 2
3376 5437 3467 5498 sin
3503 5453 3636 5514 pro-
