  <div class='ocr_page' id='page_1' title='image "/cluster/home/n/w/nwhite01/storage/ocr_20150623/123/mdp.39015009359079/531.png"; bbox 0 0 4126 6282; ppageno 0'>
   <div class='ocr_carea' id='block_1_1' title="bbox 450 341 599 406">
    <p class='ocr_par' dir='ltr' id='par_1_1' title="bbox 450 341 599 406">
     <span class='ocr_line' id='line_1_1' title="bbox 450 341 599 406; baseline 0.007 -3"><span class='ocrx_word' id='word_1_1' title='bbox 450 341 599 406; x_wconf 65' lang='grc'><strong>1047</strong></span> 
     </span>
    </p>
   </div>
   <div class='ocr_carea' id='block_1_2' title="bbox 1425 333 2852 405">
    <p class='ocr_par' dir='ltr' id='par_1_2' title="bbox 1425 333 2852 405">
     <span class='ocr_line' id='line_1_2' title="bbox 1425 333 2852 405; baseline -0.006 1"><span class='ocrx_word' id='word_1_2' title='bbox 1425 337 2018 405; x_wconf 80' lang='lat' dir='ltr'><strong>THEOPHYLACTI</strong></span> <span class='ocrx_word' id='word_1_3' title='bbox 2066 333 2474 397; x_wconf 74' lang='lat' dir='ltr'><strong>BULGARLE</strong></span> <span class='ocrx_word' id='word_1_4' title='bbox 2519 333 2852 397; x_wconf 82' lang='lat' dir='ltr'><strong>ARCHIEP</strong></span> 
     </span>
    </p>
   </div>
   <div class='ocr_carea' id='block_1_3' title="bbox 3678 332 3826 398">
    <p class='ocr_par' dir='ltr' id='par_1_3' title="bbox 3678 332 3826 398">
     <span class='ocr_line' id='line_1_3' title="bbox 3678 332 3826 398; baseline -0.02 0"><span class='ocrx_word' id='word_1_5' title='bbox 3678 332 3826 398; x_wconf 78' lang='grc'>1048</span> 
     </span>
    </p>
   </div>
   <div class='ocr_carea' id='block_1_4' title="bbox 446 465 2095 572">
    <p class='ocr_par' dir='ltr' id='par_1_4' title="bbox 446 491 2094 572">
     <span class='ocr_line' id='line_1_4' title="bbox 446 491 2094 572; baseline -0.004 -17"><span class='ocrx_word' id='word_1_6' title='bbox 446 501 706 555; x_wconf 82' lang='lat' dir='ltr'><strong>attamen</strong></span> <span class='ocrx_word' id='word_1_7' title='bbox 747 493 1008 555; x_wconf 76' lang='lat' dir='ltr'><strong>mortalis</strong></span> <span class='ocrx_word' id='word_1_8' title='bbox 1038 501 1186 567; x_wconf 87' lang='lat' dir='ltr'><strong>erat,</strong></span> <span class='ocrx_word' id='word_1_9' title='bbox 1224 512 1357 555; x_wconf 90' lang='lat' dir='ltr'><strong>nam</strong></span> <span class='ocrx_word' id='word_1_10' title='bbox 1393 492 1465 553; x_wconf 90' lang='lat' dir='ltr'><strong>ab</strong></span> <span class='ocrx_word' id='word_1_11' title='bbox 1499 493 1627 572; x_wconf 90' lang='lat' dir='ltr'><strong>ipsa</strong></span> <span class='ocrx_word' id='word_1_12' title='bbox 1671 491 1816 552; x_wconf 86' lang='lat' dir='ltr'><strong>hora</strong></span> <span class='ocrx_word' id='word_1_13' title='bbox 1846 508 1959 571; x_wconf 93' lang='lat' dir='ltr'><strong>qua</strong></span> <span class='ocrx_word' id='word_1_14' title='bbox 1990 508 2094 549; x_wconf 83' lang='lat' dir='ltr'><strong>co-</strong></span> 
     </span>
    </p>
   </div>
   <div class='ocr_carea' id='block_1_5' title="bbox 2187 465 3827 572">
    <p class='ocr_par' dir='ltr' id='par_1_5' title="bbox 2187 465 3827 572">
     <span class='ocr_line' id='line_1_5' title="bbox 2187 465 3827 548; baseline 0.004 -27"><span class='ocrx_word' id='word_1_15' title='bbox 2187 469 2359 522; x_wconf 74' lang='grc' dir='ltr'>θανεϊν</span> <span class='ocrx_word' id='word_1_16' title='bbox 2417 465 2649 545; x_wconf 79' lang='grc' dir='ltr'>λέγεται.</span> <span class='ocrx_word' id='word_1_17' title='bbox 2698 473 2815 526; x_wconf 83' lang='grc' dir='ltr'><strong>Τῶν</strong></span> <span class='ocrx_word' id='word_1_18' title='bbox 2858 466 3222 525; x_wconf 65' lang='grc' dir='ltr'>Σαδδουκαίων</span> <span class='ocrx_word' id='word_1_19' title='bbox 3270 467 3323 525; x_wconf 75' lang='grc' dir='ltr'>δὲ</span> <span class='ocrx_word' id='word_1_20' title='bbox 3388 470 3554 533; x_wconf 83' lang='grc' dir='ltr'>οὕτως</span> <span class='ocrx_word' id='word_1_21' title='bbox 3600 471 3827 548; x_wconf 76' lang='grc' dir='ltr'>αἰσχυν-</span> 
     </span>
     <span class='ocr_line' id='line_1_6' title="bbox 2187 553 3784 572; baseline 0.016 0"><span class='ocrx_word' id='word_1_22' title='bbox 2187 553 2231 572; x_wconf 71' lang='lat' dir='ltr'><strong>nl</strong></span> <span class='ocrx_word' id='word_1_23' title='bbox 2466 556 2479 572; x_wconf 68' lang='grc' dir='ltr'><strong>ν</strong></span> <span class='ocrx_word' id='word_1_24' title='bbox 2571 554 2644 572; x_wconf 66' lang='lat' dir='ltr'><strong>Mr</strong></span> <span class='ocrx_word' id='word_1_25' title='bbox 2863 560 2874 572; x_wconf 71' lang='grc' dir='ltr'>ι</span> <span class='ocrx_word' id='word_1_26' title='bbox 2978 556 3010 572; x_wconf 69' lang='grc'><strong>⁸-</strong></span> <span class='ocrx_word' id='word_1_27' title='bbox 3134 568 3145 572; x_wconf 95' lang='grc'><strong>-</strong></span> <span class='ocrx_word' id='word_1_28' title='bbox 3269 560 3282 572; x_wconf 82' lang='grc'><strong>“</strong></span> <span class='ocrx_word' id='word_1_29' title='bbox 3344 565 3377 572; x_wconf 85' lang='grc'><strong>’“</strong></span> <span class='ocrx_word' id='word_1_30' title='bbox 3637 562 3658 572; x_wconf 86' lang='grc'><strong>“’</strong></span> <span class='ocrx_word' id='word_1_31' title='bbox 3772 560 3784 572; x_wconf 78' lang='grc'><em>’</em></span> 
     </span>
    </p>
   </div>
   <div class='ocr_carea' id='block_1_6' title="bbox 451 577 2093 652">
    <p class='ocr_par' dir='ltr' id='par_1_6' title="bbox 451 577 2093 652">
     <span class='ocr_line' id='line_1_7' title="bbox 451 577 2093 652; baseline -0.003 -10"><span class='ocrx_word' id='word_1_32' title='bbox 451 581 663 652; x_wconf 90' lang='lat' dir='ltr'><strong>medit,</strong></span> <span class='ocrx_word' id='word_1_33' title='bbox 701 582 849 642; x_wconf 91' lang='lat' dir='ltr'><strong>mori</strong></span> <span class='ocrx_word' id='word_1_34' title='bbox 874 580 1489 645; x_wconf 83' lang='lat' dir='ltr'><strong>dicebatur.Confusis</strong></span> <span class='ocrx_word' id='word_1_35' title='bbox 1507 590 1707 642; x_wconf 86' lang='lat' dir='ltr'><strong>autem</strong></span> <span class='ocrx_word' id='word_1_36' title='bbox 1734 577 2093 651; x_wconf 67' lang='lat' dir='ltr'><strong>Sadducaais,</strong></span> 
     </span>
    </p>
   </div>
   <div class='ocr_carea' id='block_1_7' title="bbox 450 668 2095 750">
    <p class='ocr_par' dir='ltr' id='par_1_7' title="bbox 450 668 2095 750">
     <span class='ocr_line' id='line_1_8' title="bbox 450 668 2095 750; baseline -0.002 -19"><span class='ocrx_word' id='word_1_37' title='bbox 450 669 928 750; x_wconf 87' lang='lat' dir='ltr'><strong>approbaverunt</strong></span> <span class='ocrx_word' id='word_1_38' title='bbox 959 670 1179 731; x_wconf 90' lang='lat' dir='ltr'><strong>dictum</strong></span> <span class='ocrx_word' id='word_1_39' title='bbox 1211 669 1353 733; x_wconf 87' lang='lat' dir='ltr'><strong>Jesu</strong></span> <span class='ocrx_word' id='word_1_40' title='bbox 1385 669 1629 741; x_wconf 64' lang='lat' dir='ltr'><strong>Scribaz,</strong></span> <span class='ocrx_word' id='word_1_41' title='bbox 1663 676 1863 748; x_wconf 92' lang='lat' dir='ltr'><strong>utpote</strong></span> <span class='ocrx_word' id='word_1_42' title='bbox 1893 668 2095 729; x_wconf 87' lang='lat' dir='ltr'><strong>adver-</strong></span> 
     </span>
    </p>
   </div>
   <div class='ocr_carea' id='block_1_8' title="bbox 453 758 1647 835">
    <p class='ocr_par' dir='ltr' id='par_1_8' title="bbox 453 758 1647 835">
     <span class='ocr_line' id='line_1_9' title="bbox 453 758 1647 835; baseline -0.003 -16"><span class='ocrx_word' id='word_1_43' title='bbox 453 758 595 819; x_wconf 91' lang='lat' dir='ltr'><strong>sarii</strong></span> <span class='ocrx_word' id='word_1_44' title='bbox 626 759 889 834; x_wconf 90' lang='lat' dir='ltr'><strong>illorum,</strong></span> <span class='ocrx_word' id='word_1_45' title='bbox 922 760 1254 835; x_wconf 76' lang='lat' dir='ltr'><strong>guudentes</strong></span> <span class='ocrx_word' id='word_1_46' title='bbox 1285 759 1417 821; x_wconf 93' lang='lat' dir='ltr'><strong>illos</strong></span> <span class='ocrx_word' id='word_1_47' title='bbox 1444 759 1647 819; x_wconf 87' lang='lat' dir='ltr'><strong>victos.</strong></span> 
     </span>
    </p>
   </div>
   <div class='ocr_carea' id='block_1_9' title="bbox 532 844 2095 919">
    <p class='ocr_par' dir='ltr' id='par_1_9' title="bbox 532 844 2095 919">
     <span class='ocr_line' id='line_1_10' title="bbox 532 844 2095 919; baseline -0.003 -10"><span class='ocrx_word' id='word_1_48' title='bbox 532 846 716 910; x_wconf 53' lang='lat' dir='ltr'><strong>Vens)</strong></span> <span class='ocrx_word' id='word_1_49' title='bbox 758 850 938 911; x_wconf 75' lang='lat'><strong>41-47</strong></span> <span class='ocrx_word' id='word_1_50' title='bbox 1006 873 1026 903; x_wconf 76' lang='grc' dir='ltr'><strong><em>α</em></strong></span> <span class='ocrx_word' id='word_1_51' title='bbox 1064 848 1220 910; x_wconf 91' lang='lat' dir='ltr'><strong>Dixit</strong></span> <span class='ocrx_word' id='word_1_52' title='bbox 1251 856 1445 909; x_wconf 90' lang='lat' dir='ltr'><strong>autem</strong></span> <span class='ocrx_word' id='word_1_53' title='bbox 1480 847 1550 907; x_wconf 91' lang='lat' dir='ltr'><strong>ad</strong></span> <span class='ocrx_word' id='word_1_54' title='bbox 1584 847 1755 907; x_wconf 88' lang='lat' dir='ltr'><strong>illos:</strong></span> <span class='ocrx_word' id='word_1_55' title='bbox 1790 844 2095 919; x_wconf 85' lang='lat' dir='ltr'><strong>Quomodo</strong></span> 
     </span>
    </p>
   </div>
   <div class='ocr_carea' id='block_1_10' title="bbox 453 933 2093 1017">
    <p class='ocr_par' dir='ltr' id='par_1_10' title="bbox 453 933 2093 1017">
     <span class='ocr_line' id='line_1_11' title="bbox 453 933 2093 1017; baseline -0.003 -18"><span class='ocrx_word' id='word_1_56' title='bbox 453 935 659 999; x_wconf 88' lang='lat' dir='ltr'><strong>dicunt</strong></span> <span class='ocrx_word' id='word_1_57' title='bbox 690 937 991 999; x_wconf 85' lang='lat' dir='ltr'><strong>Christum</strong></span> <span class='ocrx_word' id='word_1_58' title='bbox 1022 937 1207 997; x_wconf 84' lang='lat' dir='ltr'><strong>ﬁlium</strong></span> <span class='ocrx_word' id='word_1_59' title='bbox 1258 955 1387 997; x_wconf 92' lang='lat' dir='ltr'><strong>esse</strong></span> <span class='ocrx_word' id='word_1_60' title='bbox 1430 936 1633 1017; x_wconf 83' lang='lat' dir='ltr'><strong>David,</strong></span> <span class='ocrx_word' id='word_1_61' title='bbox 1668 944 1725 996; x_wconf 89' lang='lat' dir='ltr'><strong>et</strong></span> <span class='ocrx_word' id='word_1_62' title='bbox 1757 935 1881 1015; x_wconf 91' lang='lat' dir='ltr'><strong>ipse</strong></span> <span class='ocrx_word' id='word_1_63' title='bbox 1916 933 2093 997; x_wconf 83' lang='lat' dir='ltr'><strong>David</strong></span> 
     </span>
    </p>
   </div>
   <div class='ocr_carea' id='block_1_11' title="bbox 451 1026 2093 1090">
    <p class='ocr_par' dir='ltr' id='par_1_11' title="bbox 451 1026 2093 1090">
     <span class='ocr_line' id='line_1_12' title="bbox 451 1026 2093 1090; baseline -0.004 -1"><span class='ocrx_word' id='word_1_64' title='bbox 451 1026 598 1089; x_wconf 90' lang='lat' dir='ltr'><strong>dicit</strong></span> <span class='ocrx_word' id='word_1_65' title='bbox 629 1027 685 1087; x_wconf 92' lang='lat' dir='ltr'><strong>in</strong></span> <span class='ocrx_word' id='word_1_66' title='bbox 723 1027 871 1087; x_wconf 89' lang='lat' dir='ltr'><strong>libro</strong></span> <span class='ocrx_word' id='word_1_67' title='bbox 909 1029 1277 1089; x_wconf 86' lang='lat' dir='ltr'><strong>Psalmorum</strong></span> <span class='ocrx_word' id='word_1_68' title='bbox 1306 1048 1319 1089; x_wconf 90' lang='lat'>:</span> <span class='ocrx_word' id='word_1_69' title='bbox 1355 1026 1506 1089; x_wconf 86' lang='lat' dir='ltr'><strong>Dixit</strong></span> <span class='ocrx_word' id='word_1_70' title='bbox 1539 1029 1821 1090; x_wconf 91' lang='lat' dir='ltr'><strong>Dominus</strong></span> <span class='ocrx_word' id='word_1_71' title='bbox 1849 1028 2093 1088; x_wconf 81' lang='lat' dir='ltr'><strong>Domino</strong></span> 
     </span>
    </p>
   </div>
   <div class='ocr_carea' id='block_1_12' title="bbox 454 1115 2094 1195">
    <p class='ocr_par' dir='ltr' id='par_1_12' title="bbox 454 1115 2094 1195">
     <span class='ocr_line' id='line_1_13' title="bbox 454 1115 2094 1195; baseline -0.002 -17"><span class='ocrx_word' id='word_1_72' title='bbox 454 1136 608 1178; x_wconf 91' lang='lat' dir='ltr'><strong>meo.</strong></span> <span class='ocrx_word' id='word_1_73' title='bbox 646 1115 801 1178; x_wconf 86' lang='lat' dir='ltr'><strong>Sede</strong></span> <span class='ocrx_word' id='word_1_74' title='bbox 833 1137 866 1178; x_wconf 91' lang='lat' dir='ltr'><strong>a</strong></span> <span class='ocrx_word' id='word_1_75' title='bbox 901 1116 1124 1177; x_wconf 79' lang='lat' dir='ltr'><strong>deXll‘lS</strong></span> <span class='ocrx_word' id='word_1_76' title='bbox 1153 1116 1323 1189; x_wconf 83' lang='lat' dir='ltr'><strong>meis,</strong></span> <span class='ocrx_word' id='word_1_77' title='bbox 1359 1116 1551 1177; x_wconf 91' lang='lat' dir='ltr'><strong>donec</strong></span> <span class='ocrx_word' id='word_1_78' title='bbox 1576 1136 1786 1195; x_wconf 87' lang='lat' dir='ltr'><strong>ponam</strong></span> <span class='ocrx_word' id='word_1_79' title='bbox 1818 1115 2094 1176; x_wconf 82' lang='lat' dir='ltr'><strong>inimicos</strong></span> 
     </span>
    </p>
   </div>
   <div class='ocr_carea' id='block_1_13' title="bbox 454 1204 2093 1286">
    <p class='ocr_par' dir='ltr' id='par_1_13' title="bbox 454 1204 2093 1286">
     <span class='ocr_line' id='line_1_14' title="bbox 454 1204 2093 1286; baseline -0.001 -20"><span class='ocrx_word' id='word_1_80' title='bbox 454 1214 584 1267; x_wconf 91' lang='lat' dir='ltr'><strong>tuos</strong></span> <span class='ocrx_word' id='word_1_81' title='bbox 616 1204 941 1266; x_wconf 90' lang='lat' dir='ltr'><strong>scabellum</strong></span> <span class='ocrx_word' id='word_1_82' title='bbox 972 1208 1187 1286; x_wconf 90' lang='lat' dir='ltr'><strong>pedum</strong></span> <span class='ocrx_word' id='word_1_83' title='bbox 1216 1214 1447 1265; x_wconf 90' lang='lat' dir='ltr'><strong>tuorum</strong></span> <span class='ocrx_word' id='word_1_84' title='bbox 1469 1205 1498 1264; x_wconf 89' lang='lat'><strong>?</strong></span> <span class='ocrx_word' id='word_1_85' title='bbox 1522 1206 1695 1267; x_wconf 86' lang='lat' dir='ltr'><strong>David</strong></span> <span class='ocrx_word' id='word_1_86' title='bbox 1730 1224 1868 1284; x_wconf 87' lang='lat' dir='ltr'><strong>ergo</strong></span> <span class='ocrx_word' id='word_1_87' title='bbox 1901 1206 2093 1268; x_wconf 91' lang='lat' dir='ltr'><strong>Domi-</strong></span> 
     </span>
    </p>
   </div>
   <div class='ocr_carea' id='block_1_14' title="bbox 456 1293 2096 1373">
    <p class='ocr_par' dir='ltr' id='par_1_14' title="bbox 456 1293 2096 1373">
     <span class='ocr_line' id='line_1_15' title="bbox 456 1293 2096 1373; baseline 0.001 -19"><span class='ocrx_word' id='word_1_88' title='bbox 456 1314 596 1354; x_wconf 90' lang='lat' dir='ltr'><strong>num</strong></span> <span class='ocrx_word' id='word_1_89' title='bbox 628 1293 765 1353; x_wconf 68' lang='lat'><strong>457</strong></span> <span class='ocrx_word' id='word_1_90' title='bbox 796 1294 960 1355; x_wconf 91' lang='lat' dir='ltr'><strong>illum</strong></span> <span class='ocrx_word' id='word_1_91' title='bbox 999 1302 1183 1367; x_wconf 87' lang='lat' dir='ltr'><strong>vocat,</strong></span> <span class='ocrx_word' id='word_1_92' title='bbox 1212 1303 1269 1355; x_wconf 93' lang='lat' dir='ltr'><strong>et</strong></span> <span class='ocrx_word' id='word_1_93' title='bbox 1300 1293 1597 1373; x_wconf 89' lang='lat' dir='ltr'><strong>quomodo</strong></span> <span class='ocrx_word' id='word_1_94' title='bbox 1632 1294 1787 1355; x_wconf 79' lang='lat' dir='ltr'><strong>[ilius</strong></span> <span class='ocrx_word' id='word_1_95' title='bbox 1819 1295 1945 1372; x_wconf 87' lang='lat' dir='ltr'><strong>ejus</strong></span> <span class='ocrx_word' id='word_1_96' title='bbox 1968 1294 2096 1355; x_wconf 88' lang='lat' dir='ltr'><strong>est?</strong></span> 
     </span>
    </p>
   </div>
   <div class='ocr_carea' id='block_1_15' title="bbox 450 1382 2092 1463">
    <p class='ocr_par' dir='ltr' id='par_1_15' title="bbox 450 1382 2092 1463">
     <span class='ocr_line' id='line_1_16' title="bbox 450 1382 2092 1463; baseline -0.001 -19"><span class='ocrx_word' id='word_1_97' title='bbox 450 1382 749 1445; x_wconf 87' lang='lat' dir='ltr'><strong>Audiente</strong></span> <span class='ocrx_word' id='word_1_98' title='bbox 780 1402 917 1444; x_wconf 87' lang='lat' dir='ltr'><strong>vero</strong></span> <span class='ocrx_word' id='word_1_99' title='bbox 949 1394 1163 1444; x_wconf 89' lang='lat' dir='ltr'><strong>cuncto</strong></span> <span class='ocrx_word' id='word_1_100' title='bbox 1190 1387 1401 1463; x_wconf 88' lang='lat' dir='ltr'><strong>populo</strong></span> <span class='ocrx_word' id='word_1_101' title='bbox 1426 1383 1572 1443; x_wconf 80' lang='lat' dir='ltr'><strong>dixit</strong></span> <span class='ocrx_word' id='word_1_102' title='bbox 1600 1384 1912 1463; x_wconf 84' lang='lat' dir='ltr'><strong>discipulis</strong></span> <span class='ocrx_word' id='word_1_103' title='bbox 1933 1384 2053 1444; x_wconf 90' lang='lat' dir='ltr'><strong>suis</strong></span> <span class='ocrx_word' id='word_1_104' title='bbox 2080 1407 2092 1442; x_wconf 94' lang='lat'>:</span> 
     </span>
    </p>
   </div>
   <div class='ocr_carea' id='block_1_16' title="bbox 453 1470 2100 1551">
    <p class='ocr_par' dir='ltr' id='par_1_16' title="bbox 453 1470 2100 1551">
     <span class='ocr_line' id='line_1_17' title="bbox 453 1470 2100 1551; baseline -0.001 -17"><span class='ocrx_word' id='word_1_105' title='bbox 453 1474 670 1534; x_wconf 84' lang='lat' dir='ltr'><strong>Cavete</strong></span> <span class='ocrx_word' id='word_1_106' title='bbox 699 1490 733 1531; x_wconf 93' lang='lat' dir='ltr'><strong>a</strong></span> <span class='ocrx_word' id='word_1_107' title='bbox 763 1470 1012 1546; x_wconf 76' lang='lat' dir='ltr'><strong>Scribis,</strong></span> <span class='ocrx_word' id='word_1_108' title='bbox 1046 1473 1142 1551; x_wconf 89' lang='lat' dir='ltr'><strong>qui</strong></span> <span class='ocrx_word' id='word_1_109' title='bbox 1178 1472 1377 1532; x_wconf 89' lang='lat' dir='ltr'><strong>volunt</strong></span> <span class='ocrx_word' id='word_1_110' title='bbox 1401 1472 1706 1532; x_wconf 89' lang='lat' dir='ltr'><strong>ambulare</strong></span> <span class='ocrx_word' id='word_1_111' title='bbox 1738 1472 1793 1532; x_wconf 90' lang='lat' dir='ltr'><strong>iu</strong></span> <span class='ocrx_word' id='word_1_112' title='bbox 1822 1473 2008 1542; x_wconf 91' lang='lat' dir='ltr'><strong>stolis,</strong></span> <span class='ocrx_word' id='word_1_113' title='bbox 2043 1483 2100 1533; x_wconf 93' lang='lat' dir='ltr'><strong>et</strong></span> 
     </span>
    </p>
   </div>
   <div class='ocr_carea' id='block_1_17' title="bbox 453 1560 2099 1641">
    <p class='ocr_par' dir='ltr' id='par_1_17' title="bbox 453 1560 2099 1641">
     <span class='ocr_line' id='line_1_18' title="bbox 453 1560 2099 1641; baseline 0 -20"><span class='ocrx_word' id='word_1_114' title='bbox 453 1569 655 1621; x_wconf 88' lang='lat' dir='ltr'><strong>amant</strong></span> <span class='ocrx_word' id='word_1_115' title='bbox 698 1560 1086 1621; x_wconf 83' lang='lat' dir='ltr'><strong>salutationes</strong></span> <span class='ocrx_word' id='word_1_116' title='bbox 1122 1561 1181 1620; x_wconf 92' lang='lat' dir='ltr'><strong>in</strong></span> <span class='ocrx_word' id='word_1_117' title='bbox 1233 1561 1398 1633; x_wconf 87' lang='lat' dir='ltr'><strong>foris,</strong></span> <span class='ocrx_word' id='word_1_118' title='bbox 1436 1579 1503 1620; x_wconf 90' lang='lat' dir='ltr'><strong>ac</strong></span> <span class='ocrx_word' id='word_1_119' title='bbox 1542 1562 1763 1641; x_wconf 89' lang='lat' dir='ltr'><strong>primas</strong></span> <span class='ocrx_word' id='word_1_120' title='bbox 1793 1561 2099 1621; x_wconf 84' lang='lat' dir='ltr'><strong>cathedras</strong></span> 
     </span>
    </p>
   </div>
   <div class='ocr_carea' id='block_1_18' title="bbox 455 1649 2095 1728">
    <p class='ocr_par' dir='ltr' id='par_1_18' title="bbox 455 1649 2095 1728">
     <span class='ocr_line' id='line_1_19' title="bbox 455 1649 2095 1728; baseline 0.001 -19"><span class='ocrx_word' id='word_1_121' title='bbox 455 1649 513 1709; x_wconf 90' lang='lat' dir='ltr'><strong>in</strong></span> <span class='ocrx_word' id='word_1_122' title='bbox 545 1650 884 1727; x_wconf 72' lang='lat' dir='ltr'><strong>Synagogis,</strong></span> <span class='ocrx_word' id='word_1_123' title='bbox 922 1655 983 1711; x_wconf 76' lang='lat' dir='ltr'><strong>et</strong></span> <span class='ocrx_word' id='word_1_124' title='bbox 1022 1649 1243 1728; x_wconf 88' lang='lat' dir='ltr'><strong>primos</strong></span> <span class='ocrx_word' id='word_1_125' title='bbox 1294 1649 1631 1710; x_wconf 88' lang='lat' dir='ltr'><strong>discubitus</strong></span> <span class='ocrx_word' id='word_1_126' title='bbox 1680 1650 1736 1708; x_wconf 90' lang='lat' dir='ltr'><strong>in</strong></span> <span class='ocrx_word' id='word_1_127' title='bbox 1769 1650 2049 1709; x_wconf 88' lang='lat' dir='ltr'><strong>conviviis</strong></span> <span class='ocrx_word' id='word_1_128' title='bbox 2083 1670 2095 1711; x_wconf 90' lang='lat'>:</span> 
     </span>
    </p>
   </div>
   <div class='ocr_carea' id='block_1_19' title="bbox 457 1736 2097 1818">
    <p class='ocr_par' dir='ltr' id='par_1_19' title="bbox 457 1736 2097 1818">
     <span class='ocr_line' id='line_1_20' title="bbox 457 1736 2097 1818; baseline 0.001 -21"><span class='ocrx_word' id='word_1_129' title='bbox 457 1738 554 1818; x_wconf 90' lang='lat' dir='ltr'><strong>qui</strong></span> <span class='ocrx_word' id='word_1_130' title='bbox 589 1736 874 1797; x_wconf 89' lang='lat' dir='ltr'><strong>devorant</strong></span> <span class='ocrx_word' id='word_1_131' title='bbox 902 1738 1109 1796; x_wconf 90' lang='lat' dir='ltr'><strong>domos</strong></span> <span class='ocrx_word' id='word_1_132' title='bbox 1134 1737 1463 1810; x_wconf 90' lang='lat' dir='ltr'><strong>viduarum,</strong></span> <span class='ocrx_word' id='word_1_133' title='bbox 1500 1737 1845 1800; x_wconf 90' lang='lat' dir='ltr'><strong>simulantes</strong></span> <span class='ocrx_word' id='word_1_134' title='bbox 1869 1739 2097 1817; x_wconf 82' lang='lat' dir='ltr'><strong>longam</strong></span> 
     </span>
    </p>
   </div>
   <div class='ocr_carea' id='block_1_20' title="bbox 456 1825 2099 1904">
    <p class='ocr_par' dir='ltr' id='par_1_20' title="bbox 456 1825 2099 1904">
     <span class='ocr_line' id='line_1_21' title="bbox 456 1825 2099 1904; baseline 0.001 -18"><span class='ocrx_word' id='word_1_135' title='bbox 456 1825 779 1886; x_wconf 89' lang='lat' dir='ltr'><strong>orationem</strong></span> <span class='ocrx_word' id='word_1_136' title='bbox 819 1846 832 1885; x_wconf 94' lang='lat'><strong>:</strong></span> <span class='ocrx_word' id='word_1_137' title='bbox 866 1825 923 1885; x_wconf 90' lang='lat' dir='ltr'><strong>hi</strong></span> <span class='ocrx_word' id='word_1_138' title='bbox 973 1825 1265 1904; x_wconf 86' lang='lat' dir='ltr'><strong>accipient</strong></span> <span class='ocrx_word' id='word_1_139' title='bbox 1314 1826 1597 1904; x_wconf 87' lang='lat' dir='ltr'><strong>majorem</strong></span> <span class='ocrx_word' id='word_1_140' title='bbox 1652 1826 2099 1887; x_wconf 77' lang='lat' dir='ltr'><strong>condemnatio-</strong></span> 
     </span>
    </p>
   </div>
   <div class='ocr_carea' id='block_1_21' title="bbox 458 1913 2099 1994">
    <p class='ocr_par' dir='ltr' id='par_1_21' title="bbox 458 1913 2099 1994">
     <span class='ocr_line' id='line_1_22' title="bbox 458 1913 2099 1994; baseline 0 -21"><span class='ocrx_word' id='word_1_141' title='bbox 458 1933 614 1974; x_wconf 91' lang='lat' dir='ltr'><strong>nem.</strong></span> <span class='ocrx_word' id='word_1_142' title='bbox 653 1935 681 1973; x_wconf 66' lang='grc' dir='ltr'><strong><em>ι</em></strong></span> <span class='ocrx_word' id='word_1_143' title='bbox 702 1913 792 1974; x_wconf 89' lang='lat' dir='ltr'><strong>Ad</strong></span> <span class='ocrx_word' id='word_1_144' title='bbox 822 1914 1163 1992; x_wconf 89' lang='lat' dir='ltr'><strong>passionem</strong></span> <span class='ocrx_word' id='word_1_145' title='bbox 1190 1914 1531 1994; x_wconf 74' lang='lat' dir='ltr'><strong>propediem</strong></span> <span class='ocrx_word' id='word_1_146' title='bbox 1556 1932 2099 1994; x_wconf 81' lang='lat' dir='ltr'><strong>accessurus,suam</strong></span> 
     </span>
    </p>
   </div>
   <div class='ocr_carea' id='block_1_22' title="bbox 456 2001 2098 2084">
    <p class='ocr_par' dir='ltr' id='par_1_22' title="bbox 456 2001 2098 2084">
     <span class='ocr_line' id='line_1_23' title="bbox 456 2001 2098 2084; baseline 0 -22"><span class='ocrx_word' id='word_1_147' title='bbox 456 2001 733 2081; x_wconf 65' lang='lat' dir='ltr'><strong>praedicat</strong></span> <span class='ocrx_word' id='word_1_148' title='bbox 767 2001 1131 2063; x_wconf 89' lang='lat' dir='ltr'><strong>divinitatem</strong></span> <span class='ocrx_word' id='word_1_149' title='bbox 1162 2024 1173 2061; x_wconf 92' lang='lat'><strong>:</strong></span> <span class='ocrx_word' id='word_1_150' title='bbox 1209 2001 1389 2082; x_wconf 85' lang='lat' dir='ltr'><strong>idque</strong></span> <span class='ocrx_word' id='word_1_151' title='bbox 1405 2022 1519 2063; x_wconf 91' lang='lat' dir='ltr'><strong>non</strong></span> <span class='ocrx_word' id='word_1_152' title='bbox 1538 2003 1857 2064; x_wconf 77' lang='lat' dir='ltr'><strong>admodum</strong></span> <span class='ocrx_word' id='word_1_153' title='bbox 1874 2014 2098 2084; x_wconf 89' lang='lat' dir='ltr'><strong>aperte,</strong></span> 
     </span>
    </p>
   </div>
   <div class='ocr_carea' id='block_1_23' title="bbox 457 2090 2098 2169">
    <p class='ocr_par' dir='ltr' id='par_1_23' title="bbox 457 2090 2098 2169">
     <span class='ocr_line' id='line_1_24' title="bbox 457 2090 2098 2169; baseline 0.002 -19"><span class='ocrx_word' id='word_1_154' title='bbox 457 2108 567 2150; x_wconf 90' lang='lat' dir='ltr'><strong>nec</strong></span> <span class='ocrx_word' id='word_1_155' title='bbox 588 2092 901 2169; x_wconf 89' lang='lat' dir='ltr'><strong>jactanter,</strong></span> <span class='ocrx_word' id='word_1_156' title='bbox 933 2091 1034 2151; x_wconf 90' lang='lat' dir='ltr'><strong>sed</strong></span> <span class='ocrx_word' id='word_1_157' title='bbox 1072 2090 1358 2151; x_wconf 89' lang='lat' dir='ltr'><strong>modeste.</strong></span> <span class='ocrx_word' id='word_1_158' title='bbox 1387 2090 1722 2169; x_wconf 72' lang='lat' dir='ltr'><strong>[nterrogat</strong></span> <span class='ocrx_word' id='word_1_159' title='bbox 1754 2094 1908 2153; x_wconf 92' lang='lat' dir='ltr'><strong>enim</strong></span> <span class='ocrx_word' id='word_1_160' title='bbox 1942 2092 2098 2163; x_wconf 88' lang='lat' dir='ltr'><strong>illos,</strong></span> 
     </span>
    </p>
   </div>
   <div class='ocr_carea' id='block_1_24' title="bbox 456 2178 2104 2261">
    <p class='ocr_par' dir='ltr' id='par_1_24' title="bbox 456 2178 2104 2261">
     <span class='ocr_line' id='line_1_25' title="bbox 456 2178 2104 2261; baseline 0.001 -22"><span class='ocrx_word' id='word_1_161' title='bbox 456 2188 517 2240; x_wconf 88' lang='lat' dir='ltr'><strong>et</strong></span> <span class='ocrx_word' id='word_1_162' title='bbox 549 2178 865 2258; x_wconf 82' lang='lat' dir='ltr'><strong>perplexos</strong></span> <span class='ocrx_word' id='word_1_163' title='bbox 897 2179 1115 2245; x_wconf 82' lang='lat' dir='ltr'><strong>reddit.</strong></span> <span class='ocrx_word' id='word_1_164' title='bbox 1150 2178 1408 2259; x_wconf 89' lang='lat' dir='ltr'><strong>sinitque</strong></span> <span class='ocrx_word' id='word_1_165' title='bbox 1429 2180 1768 2240; x_wconf 84' lang='lat' dir='ltr'><strong>ratiocinari</strong></span> <span class='ocrx_word' id='word_1_166' title='bbox 1793 2180 1935 2261; x_wconf 92' lang='lat' dir='ltr'><strong>quid</strong></span> <span class='ocrx_word' id='word_1_167' title='bbox 1966 2201 2104 2241; x_wconf 90' lang='lat' dir='ltr'><strong>con-</strong></span> 
     </span>
    </p>
   </div>
   <div class='ocr_carea' id='block_1_25' title="bbox 456 2267 2101 2347">
    <p class='ocr_par' dir='ltr' id='par_1_25' title="bbox 456 2267 2101 2347">
     <span class='ocr_line' id='line_1_26' title="bbox 456 2267 2101 2347; baseline 0.002 -22"><span class='ocrx_word' id='word_1_168' title='bbox 456 2274 826 2330; x_wconf 88' lang='lat' dir='ltr'><strong>sectaneum.</strong></span> <span class='ocrx_word' id='word_1_169' title='bbox 861 2267 1041 2328; x_wconf 83' lang='lat' dir='ltr'><strong>David</strong></span> <span class='ocrx_word' id='word_1_170' title='bbox 1076 2270 1257 2347; x_wconf 83' lang='lat' dir='ltr'><strong>enim,</strong></span> <span class='ocrx_word' id='word_1_171' title='bbox 1311 2267 1526 2347; x_wconf 88' lang='lat' dir='ltr'><strong>inquit,</strong></span> <span class='ocrx_word' id='word_1_172' title='bbox 1564 2267 1878 2330; x_wconf 93' lang='lat' dir='ltr'><strong>Dominum</strong></span> <span class='ocrx_word' id='word_1_173' title='bbox 1916 2281 2101 2343; x_wconf 83' lang='lat' dir='ltr'><strong>vocat,</strong></span> 
     </span>
    </p>
   </div>
   <div class='ocr_carea' id='block_1_26' title="bbox 456 2355 2105 2435">
    <p class='ocr_par' dir='ltr' id='par_1_26' title="bbox 456 2355 2105 2435">
     <span class='ocr_line' id='line_1_27' title="bbox 456 2355 2105 2435; baseline 0.002 -21"><span class='ocrx_word' id='word_1_174' title='bbox 456 2362 514 2414; x_wconf 92' lang='lat' dir='ltr'><strong>et</strong></span> <span class='ocrx_word' id='word_1_175' title='bbox 546 2355 842 2434; x_wconf 89' lang='lat' dir='ltr'><strong>quomodo</strong></span> <span class='ocrx_word' id='word_1_176' title='bbox 877 2356 1036 2416; x_wconf 82' lang='lat' dir='ltr'><strong>filius</strong></span> <span class='ocrx_word' id='word_1_177' title='bbox 1065 2356 1193 2433; x_wconf 87' lang='lat' dir='ltr'><strong>ejus</strong></span> <span class='ocrx_word' id='word_1_178' title='bbox 1244 2367 1333 2419; x_wconf 86' lang='lat' dir='ltr'><strong>est</strong></span> <span class='ocrx_word' id='word_1_179' title='bbox 1386 2364 1614 2435; x_wconf 84' lang='lat' dir='ltr'><strong>purus?</strong></span> <span class='ocrx_word' id='word_1_180' title='bbox 1654 2356 1789 2417; x_wconf 67' lang='lat' dir='ltr'><strong>Erat</strong></span> <span class='ocrx_word' id='word_1_181' title='bbox 1838 2358 1995 2419; x_wconf 90' lang='lat' dir='ltr'><strong>enim</strong></span> <span class='ocrx_word' id='word_1_182' title='bbox 2049 2369 2105 2418; x_wconf 93' lang='lat' dir='ltr'><strong>et</strong></span> 
     </span>
    </p>
   </div>
   <div class='ocr_carea' id='block_1_27' title="bbox 457 2442 2099 2526">
    <p class='ocr_par' dir='ltr' id='par_1_27' title="bbox 457 2442 2099 2526">
     <span class='ocr_line' id='line_1_28' title="bbox 457 2442 2099 2526; baseline 0.005 -23"><span class='ocrx_word' id='word_1_183' title='bbox 457 2442 614 2503; x_wconf 78' lang='lat' dir='ltr'><strong>illius</strong></span> <span class='ocrx_word' id='word_1_184' title='bbox 649 2443 828 2504; x_wconf 87' lang='lat' dir='ltr'><strong>David</strong></span> <span class='ocrx_word' id='word_1_185' title='bbox 861 2444 1188 2504; x_wconf 93' lang='lat' dir='ltr'><strong>secundum</strong></span> <span class='ocrx_word' id='word_1_186' title='bbox 1221 2462 1486 2519; x_wconf 88' lang='lat' dir='ltr'><strong>carnem,</strong></span> <span class='ocrx_word' id='word_1_187' title='bbox 1520 2445 1623 2505; x_wconf 90' lang='lat' dir='ltr'><strong>sed</strong></span> <span class='ocrx_word' id='word_1_188' title='bbox 1672 2455 1728 2506; x_wconf 77' lang='lat' dir='ltr'><strong>ct</strong></span> <span class='ocrx_word' id='word_1_189' title='bbox 1756 2445 1915 2508; x_wconf 86' lang='lat' dir='ltr'><strong>Deus</strong></span> <span class='ocrx_word' id='word_1_190' title='bbox 1950 2448 2099 2526; x_wconf 91' lang='lat' dir='ltr'><strong>ejus.</strong></span> 
     </span>
    </p>
   </div>
   <div class='ocr_carea' id='block_1_28' title="bbox 458 2530 2097 2612">
    <p class='ocr_par' dir='ltr' id='par_1_28' title="bbox 458 2530 2097 2612">
     <span class='ocr_line' id='line_1_29' title="bbox 458 2530 2097 2612; baseline 0.004 -22"><span class='ocrx_word' id='word_1_191' title='bbox 458 2530 551 2590; x_wconf 89' lang='lat' dir='ltr'><strong>Illi</strong></span> <span class='ocrx_word' id='word_1_192' title='bbox 581 2543 776 2591; x_wconf 89' lang='lat' dir='ltr'><strong>autem</strong></span> <span class='ocrx_word' id='word_1_193' title='bbox 813 2532 1001 2592; x_wconf 92' lang='lat' dir='ltr'><strong>solum</strong></span> <span class='ocrx_word' id='word_1_194' title='bbox 1037 2532 1219 2591; x_wconf 84' lang='lat' dir='ltr'><strong>tilium</strong></span> <span class='ocrx_word' id='word_1_195' title='bbox 1269 2532 1449 2595; x_wconf 91' lang='lat' dir='ltr'><strong>David</strong></span> <span class='ocrx_word' id='word_1_196' title='bbox 1504 2553 1635 2593; x_wconf 87' lang='lat' dir='ltr'><strong>esse</strong></span> <span class='ocrx_word' id='word_1_197' title='bbox 1685 2535 2097 2612; x_wconf 86' lang='lat' dir='ltr'><strong>opinabantur,</strong></span> 
     </span>
    </p>
   </div>
   <div class='ocr_carea' id='block_1_29' title="bbox 458 2618 2097 2703">
    <p class='ocr_par' dir='ltr' id='par_1_29' title="bbox 458 2618 2097 2703">
     <span class='ocr_line' id='line_1_30' title="bbox 458 2618 2097 2703; baseline 0.004 -24"><span class='ocrx_word' id='word_1_198' title='bbox 458 2619 594 2679; x_wconf 91' lang='lat' dir='ltr'><strong>ideo</strong></span> <span class='ocrx_word' id='word_1_199' title='bbox 628 2618 968 2697; x_wconf 89' lang='lat' dir='ltr'><strong>opinionem</strong></span> <span class='ocrx_word' id='word_1_200' title='bbox 1000 2640 1206 2682; x_wconf 91' lang='lat' dir='ltr'><strong>eorum</strong></span> <span class='ocrx_word' id='word_1_201' title='bbox 1238 2622 1589 2703; x_wconf 89' lang='lat' dir='ltr'><strong>evertit,qua</strong></span> <span class='ocrx_word' id='word_1_202' title='bbox 1614 2623 1892 2702; x_wconf 83' lang='lat' dir='ltr'><strong>putabant</strong></span> <span class='ocrx_word' id='word_1_203' title='bbox 1917 2625 2097 2686; x_wconf 88' lang='lat' dir='ltr'><strong>ﬁlium</strong></span> 
     </span>
    </p>
   </div>
   <div class='ocr_carea' id='block_1_30' title="bbox 456 2706 2097 2791">
    <p class='ocr_par' dir='ltr' id='par_1_30' title="bbox 456 2706 2097 2791">
     <span class='ocr_line' id='line_1_31' title="bbox 456 2706 2097 2791; baseline 0.002 -23"><span class='ocrx_word' id='word_1_204' title='bbox 456 2706 691 2770; x_wconf 88' lang='lat' dir='ltr'><strong>Davidis</strong></span> <span class='ocrx_word' id='word_1_205' title='bbox 720 2708 933 2769; x_wconf 84' lang='lat' dir='ltr'><strong>solum.</strong></span> <span class='ocrx_word' id='word_1_206' title='bbox 970 2708 1236 2770; x_wconf 88' lang='lat' dir='ltr'><strong>Declarat</strong></span> <span class='ocrx_word' id='word_1_207' title='bbox 1268 2710 1409 2771; x_wconf 89' lang='lat' dir='ltr'><strong>item</strong></span> <span class='ocrx_word' id='word_1_208' title='bbox 1442 2712 1595 2791; x_wconf 89' lang='lat' dir='ltr'><strong>quod</strong></span> <span class='ocrx_word' id='word_1_209' title='bbox 1633 2732 1747 2772; x_wconf 90' lang='lat' dir='ltr'><strong>non</strong></span> <span class='ocrx_word' id='word_1_210' title='bbox 1782 2713 1857 2772; x_wconf 91' lang='lat' dir='ltr'><strong>sit</strong></span> <span class='ocrx_word' id='word_1_211' title='bbox 1884 2714 2097 2775; x_wconf 85' lang='lat' dir='ltr'><strong>adver-</strong></span> 
     </span>
    </p>
   </div>
   <div class='ocr_carea' id='block_1_31' title="bbox 455 2795 2100 2872">
    <p class='ocr_par' dir='ltr' id='par_1_31' title="bbox 455 2795 2100 2872">
     <span class='ocr_line' id='line_1_32' title="bbox 455 2795 2100 2872; baseline 0.004 -16"><span class='ocrx_word' id='word_1_212' title='bbox 455 2795 650 2856; x_wconf 84' lang='lat' dir='ltr'><strong>sarius</strong></span> <span class='ocrx_word' id='word_1_213' title='bbox 697 2795 818 2856; x_wconf 93' lang='lat' dir='ltr'><strong>Deo</strong></span> <span class='ocrx_word' id='word_1_214' title='bbox 871 2798 1047 2872; x_wconf 81' lang='lat' dir='ltr'><strong>Patri,</strong></span> <span class='ocrx_word' id='word_1_215' title='bbox 1098 2798 1200 2858; x_wconf 91' lang='lat' dir='ltr'><strong>sed</strong></span> <span class='ocrx_word' id='word_1_216' title='bbox 1249 2801 1493 2859; x_wconf 90' lang='lat' dir='ltr'><strong>multam</strong></span> <span class='ocrx_word' id='word_1_217' title='bbox 1547 2819 1678 2861; x_wconf 92' lang='lat' dir='ltr'><strong>cum</strong></span> <span class='ocrx_word' id='word_1_218' title='bbox 1736 2801 1832 2862; x_wconf 91' lang='grc' dir='ltr'><strong>ιΙΙο</strong></span> <span class='ocrx_word' id='word_1_219' title='bbox 1892 2804 2100 2864; x_wconf 63' lang='lat' dir='ltr'><strong>habeat</strong></span> 
     </span>
    </p>
   </div>
   <div class='ocr_carea' id='block_1_32' title="bbox 453 2883 2099 2967">
    <p class='ocr_par' dir='ltr' id='par_1_32' title="bbox 453 2883 2099 2967">
     <span class='ocr_line' id='line_1_33' title="bbox 453 2883 2099 2967; baseline 0.005 -24"><span class='ocrx_word' id='word_1_220' title='bbox 453 2883 856 2956; x_wconf 90' lang='lat' dir='ltr'><strong>concordiam,</strong></span> <span class='ocrx_word' id='word_1_221' title='bbox 919 2886 1214 2966; x_wconf 88' lang='lat' dir='ltr'><strong>siquidem</strong></span> <span class='ocrx_word' id='word_1_222' title='bbox 1289 2886 1564 2949; x_wconf 91' lang='lat' dir='ltr'><strong>inimicos</strong></span> <span class='ocrx_word' id='word_1_223' title='bbox 1626 2890 1756 2967; x_wconf 83' lang='lat' dir='ltr'><strong>ejus</strong></span> <span class='ocrx_word' id='word_1_224' title='bbox 1831 2890 2099 2952; x_wconf 87' lang='lat' dir='ltr'><strong>humiliat</strong></span> 
     </span>
    </p>
   </div>
   <div class='ocr_carea' id='block_1_33' title="bbox 460 2971 2096 3052">
    <p class='ocr_par' dir='ltr' id='par_1_33' title="bbox 460 2971 2096 3052">
     <span class='ocr_line' id='line_1_34' title="bbox 460 2971 2096 3052; baseline 0.005 -21"><span class='ocrx_word' id='word_1_225' title='bbox 460 2974 652 3033; x_wconf 88' lang='lat' dir='ltr'><strong>Pater.</strong></span> <span class='ocrx_word' id='word_1_226' title='bbox 686 2971 757 3033; x_wconf 88' lang='lat' dir='ltr'><strong>Et</strong></span> <span class='ocrx_word' id='word_1_227' title='bbox 787 2973 909 3033; x_wconf 67' lang='lat' dir='ltr'><strong>haec</strong></span> <span class='ocrx_word' id='word_1_228' title='bbox 953 2973 1191 3052; x_wconf 84' lang='lat' dir='ltr'><strong>quidem</strong></span> <span class='ocrx_word' id='word_1_229' title='bbox 1235 2976 1461 3037; x_wconf 74' lang='lat' dir='ltr'><strong>Scribis</strong></span> <span class='ocrx_word' id='word_1_230' title='bbox 1510 2977 1678 3038; x_wconf 83' lang='lat' dir='ltr'><strong>dixit.</strong></span> <span class='ocrx_word' id='word_1_231' title='bbox 1728 2977 1873 3049; x_wconf 90' lang='lat' dir='ltr'><strong>Quia</strong></span> <span class='ocrx_word' id='word_1_232' title='bbox 1903 2990 2096 3041; x_wconf 90' lang='lat' dir='ltr'><strong>autem</strong></span> 
     </span>
    </p>
   </div>
   <div class='ocr_carea' id='block_1_34' title="bbox 455 3059 2105 3141">
    <p class='ocr_par' dir='ltr' id='par_1_34' title="bbox 455 3059 2105 3141">
     <span class='ocr_line' id='line_1_35' title="bbox 455 3059 2105 3141; baseline 0.007 -22"><span class='ocrx_word' id='word_1_233' title='bbox 455 3059 779 3139; x_wconf 90' lang='lat' dir='ltr'><strong>discipulos</strong></span> <span class='ocrx_word' id='word_1_234' title='bbox 805 3062 1115 3141; x_wconf 82' lang='lat' dir='ltr'><strong>magistros</strong></span> <span class='ocrx_word' id='word_1_235' title='bbox 1134 3063 1295 3124; x_wconf 86' lang='lat' dir='ltr'><strong>orbis</strong></span> <span class='ocrx_word' id='word_1_236' title='bbox 1322 3065 1501 3141; x_wconf 89' lang='lat' dir='ltr'><strong>misit,</strong></span> <span class='ocrx_word' id='word_1_237' title='bbox 1534 3067 1744 3127; x_wconf 90' lang='lat' dir='ltr'><strong>merito</strong></span> <span class='ocrx_word' id='word_1_238' title='bbox 1768 3086 1871 3128; x_wconf 91' lang='lat' dir='ltr'><strong>eos</strong></span> <span class='ocrx_word' id='word_1_239' title='bbox 1899 3069 1969 3129; x_wconf 86' lang='lat' dir='ltr'><strong>ad</strong></span> <span class='ocrx_word' id='word_1_240' title='bbox 1982 3087 2105 3130; x_wconf 83' lang='lat' dir='ltr'><strong>mo-</strong></span> 
     </span>
    </p>
   </div>
   <div class='ocr_carea' id='block_1_35' title="bbox 458 3150 2104 3234">
    <p class='ocr_par' dir='ltr' id='par_1_35' title="bbox 458 3150 2104 3234">
     <span class='ocr_line' id='line_1_36' title="bbox 458 3150 2104 3234; baseline 0.006 -26"><span class='ocrx_word' id='word_1_241' title='bbox 458 3157 556 3209; x_wconf 91' lang='lat' dir='ltr'><strong>net</strong></span> <span class='ocrx_word' id='word_1_242' title='bbox 616 3168 690 3211; x_wconf 90' lang='lat' dir='ltr'><strong>ne</strong></span> <span class='ocrx_word' id='word_1_243' title='bbox 747 3150 1054 3212; x_wconf 88' lang='lat' dir='ltr'><strong>imitentur</strong></span> <span class='ocrx_word' id='word_1_244' title='bbox 1108 3153 1540 3215; x_wconf 73' lang='lat' dir='ltr'><strong>Pharisaeorum</strong></span> <span class='ocrx_word' id='word_1_245' title='bbox 1590 3156 2012 3234; x_wconf 70' lang='lat' dir='ltr'><strong>arrogantiam,</strong></span> <span class='ocrx_word' id='word_1_246' title='bbox 2048 3166 2104 3218; x_wconf 86' lang='lat' dir='ltr'><strong>et</strong></span> 
     </span>
    </p>
   </div>
   <div class='ocr_carea' id='block_1_36' title="bbox 452 3238 2103 3323">
    <p class='ocr_par' dir='ltr' id='par_1_36' title="bbox 452 3238 2103 3323">
     <span class='ocr_line' id='line_1_37' title="bbox 452 3238 2103 3323; baseline 0.005 -25"><span class='ocrx_word' id='word_1_247' title='bbox 452 3238 821 3299; x_wconf 85' lang='lat' dir='ltr'><strong>ambitiosam</strong></span> <span class='ocrx_word' id='word_1_248' title='bbox 858 3248 1162 3303; x_wconf 90' lang='lat' dir='ltr'><strong>mentem:</strong></span> <span class='ocrx_word' id='word_1_249' title='bbox 1214 3254 1273 3302; x_wconf 86' lang='lat' dir='ltr'><strong>et</strong></span> <span class='ocrx_word' id='word_1_250' title='bbox 1324 3242 1678 3323; x_wconf 86' lang='lat' dir='ltr'><strong>simpliciter</strong></span> <span class='ocrx_word' id='word_1_251' title='bbox 1728 3263 1799 3305; x_wconf 87' lang='lat' dir='ltr'><strong>ne</strong></span> <span class='ocrx_word' id='word_1_252' title='bbox 1847 3245 2103 3323; x_wconf 73' lang='lat' dir='ltr'><strong>cogitent</strong></span> 
     </span>
    </p>
   </div>
   <div class='ocr_carea' id='block_1_37' title="bbox 453 3328 2104 3406">
    <p class='ocr_par' dir='ltr' id='par_1_37' title="bbox 453 3328 2104 3406">
     <span class='ocr_line' id='line_1_38' title="bbox 453 3328 2104 3406; baseline 0.005 -20"><span class='ocrx_word' id='word_1_253' title='bbox 453 3328 753 3406; x_wconf 89' lang='lat' dir='ltr'><strong>quomodo</strong></span> <span class='ocrx_word' id='word_1_254' title='bbox 787 3328 1057 3406; x_wconf 88' lang='lat' dir='ltr'><strong>placeant</strong></span> <span class='ocrx_word' id='word_1_255' title='bbox 1090 3330 1449 3393; x_wconf 91' lang='lat' dir='ltr'><strong>hominibus.</strong></span> <span class='ocrx_word' id='word_1_256' title='bbox 1486 3331 1630 3393; x_wconf 90' lang='lat' dir='ltr'><strong>Nam</strong></span> <span class='ocrx_word' id='word_1_257' title='bbox 1657 3332 2104 3395; x_wconf 83' lang='lat' dir='ltr'><strong>salutationibus</strong></span> 
     </span>
    </p>
   </div>
   <div class='ocr_carea' id='block_1_38' title="bbox 422 3413 2103 3495">
    <p class='ocr_par' dir='ltr' id='par_1_38' title="bbox 422 3413 2103 3495">
     <span class='ocr_line' id='line_1_39' title="bbox 422 3413 2103 3495; baseline 0.004 -20"><span class='ocrx_word' id='word_1_258' title='bbox 422 3413 567 3475; x_wconf 74' lang='lat' dir='ltr'><strong>‘fori</strong></span> <span class='ocrx_word' id='word_1_259' title='bbox 627 3417 891 3491; x_wconf 90' lang='lat' dir='ltr'><strong>studere,</strong></span> <span class='ocrx_word' id='word_1_260' title='bbox 950 3417 1321 3479; x_wconf 84' lang='lat' dir='ltr'><strong>adulantium</strong></span> <span class='ocrx_word' id='word_1_261' title='bbox 1382 3421 1833 3482; x_wconf 64' lang='lat' dir='ltr'><strong>occurrentibus</strong></span> <span class='ocrx_word' id='word_1_262' title='bbox 1886 3432 1996 3495; x_wconf 92' lang='lat' dir='ltr'><strong>est,</strong></span> <span class='ocrx_word' id='word_1_263' title='bbox 2045 3434 2103 3484; x_wconf 88' lang='lat' dir='ltr'><strong>et</strong></span> 
     </span>
    </p>
   </div>
   <div class='ocr_carea' id='block_1_39' title="bbox 454 3502 2101 3583">
    <p class='ocr_par' dir='ltr' id='par_1_39' title="bbox 454 3502 2101 3583">
     <span class='ocr_line' id='line_1_40' title="bbox 454 3502 2101 3583; baseline 0.006 -21"><span class='ocrx_word' id='word_1_264' title='bbox 454 3502 796 3581; x_wconf 88' lang='lat' dir='ltr'><strong>opinionem</strong></span> <span class='ocrx_word' id='word_1_265' title='bbox 830 3504 1138 3583; x_wconf 84' lang='lat' dir='ltr'><strong>probitatis</strong></span> <span class='ocrx_word' id='word_1_266' title='bbox 1166 3507 1524 3580; x_wconf 85' lang='lat' dir='ltr'><strong>venantium,</strong></span> <span class='ocrx_word' id='word_1_267' title='bbox 1554 3508 1641 3569; x_wconf 91' lang='lat' dir='ltr'><strong>vel</strong></span> <span class='ocrx_word' id='word_1_268' title='bbox 1666 3509 1819 3570; x_wconf 86' lang='lat' dir='ltr'><strong>hanc</strong></span> <span class='ocrx_word' id='word_1_269' title='bbox 1846 3511 2101 3572; x_wconf 57' lang='lat' dir='ltr'><strong>octasio-</strong></span> 
     </span>
    </p>
   </div>
   <div class='ocr_carea' id='block_1_40' title="bbox 452 3591 2097 3679">
    <p class='ocr_par' dir='ltr' id='par_1_40' title="bbox 452 3591 2097 3679">
     <span class='ocr_line' id='line_1_41' title="bbox 452 3591 2097 3679; baseline 0.007 -28"><span class='ocrx_word' id='word_1_270' title='bbox 452 3608 588 3679; x_wconf 84' lang='lat' dir='ltr'><strong>nem</strong></span> <span class='ocrx_word' id='word_1_271' title='bbox 620 3591 695 3652; x_wconf 82' lang='lat' dir='ltr'><strong>ad</strong></span> <span class='ocrx_word' id='word_1_272' title='bbox 718 3595 1165 3672; x_wconf 81' lang='lat' dir='ltr'><strong>congregandas</strong></span> <span class='ocrx_word' id='word_1_273' title='bbox 1192 3594 1421 3655; x_wconf 77' lang='lat' dir='ltr'><strong>divitias</strong></span> <span class='ocrx_word' id='word_1_274' title='bbox 1443 3597 1877 3659; x_wconf 86' lang='lat' dir='ltr'><strong>admittentium</strong></span> <span class='ocrx_word' id='word_1_275' title='bbox 1909 3620 1921 3661; x_wconf 91' lang='lat'>:</span> <span class='ocrx_word' id='word_1_276' title='bbox 1956 3601 2097 3679; x_wconf 88' lang='lat' dir='ltr'><strong>quin</strong></span> 
     </span>
    </p>
   </div>
   <div class='ocr_carea' id='block_1_41' title="bbox 452 3678 2099 3767">
    <p class='ocr_par' dir='ltr' id='par_1_41' title="bbox 452 3678 2099 3767">
     <span class='ocr_line' id='line_1_42' title="bbox 452 3678 2099 3767; baseline 0.006 -30"><span class='ocrx_word' id='word_1_277' title='bbox 452 3685 511 3767; x_wconf 87' lang='lat' dir='ltr'><strong>et</strong></span> <span class='ocrx_word' id='word_1_278' title='bbox 540 3678 597 3738; x_wconf 94' lang='lat' dir='ltr'><strong>hi</strong></span> <span class='ocrx_word' id='word_1_279' title='bbox 632 3679 940 3741; x_wconf 90' lang='lat' dir='ltr'><strong>viduarum</strong></span> <span class='ocrx_word' id='word_1_280' title='bbox 974 3682 1181 3742; x_wconf 90' lang='lat' dir='ltr'><strong>domos</strong></span> <span class='ocrx_word' id='word_1_281' title='bbox 1216 3682 1531 3757; x_wconf 85' lang='lat' dir='ltr'><strong>devorant,</strong></span> <span class='ocrx_word' id='word_1_282' title='bbox 1564 3686 1754 3746; x_wconf 91' lang='lat' dir='ltr'><strong>ventri</strong></span> <span class='ocrx_word' id='word_1_283' title='bbox 1803 3678 2008 3767; x_wconf 88' lang='lat' dir='ltr'><strong>dediti,</strong></span> <span class='ocrx_word' id='word_1_284' title='bbox 2044 3698 2099 3748; x_wconf 89' lang='lat' dir='ltr'><strong>et</strong></span> 
     </span>
    </p>
   </div>
   <div class='ocr_carea' id='block_1_42' title="bbox 452 3766 2097 3857">
    <p class='ocr_par' dir='ltr' id='par_1_42' title="bbox 452 3766 2097 3857">
     <span class='ocr_line' id='line_1_43' title="bbox 452 3766 2097 3857; baseline 0.007 -32"><span class='ocrx_word' id='word_1_285' title='bbox 452 3766 601 3857; x_wconf 83' lang='lat' dir='ltr'><strong>ultra</strong></span> <span class='ocrx_word' id='word_1_286' title='bbox 635 3787 807 3845; x_wconf 91' lang='lat' dir='ltr'><strong>quam</strong></span> <span class='ocrx_word' id='word_1_287' title='bbox 844 3788 995 3848; x_wconf 92' lang='lat' dir='ltr'><strong>opus</strong></span> <span class='ocrx_word' id='word_1_288' title='bbox 1028 3771 1106 3831; x_wconf 90' lang='lat' dir='ltr'><strong>sit</strong></span> <span class='ocrx_word' id='word_1_289' title='bbox 1138 3772 1465 3847; x_wconf 87' lang='lat' dir='ltr'><strong>insumunt,</strong></span> <span class='ocrx_word' id='word_1_290' title='bbox 1501 3782 1557 3834; x_wconf 92' lang='lat' dir='ltr'><strong>et</strong></span> <span class='ocrx_word' id='word_1_291' title='bbox 1590 3783 1901 3853; x_wconf 75' lang='lat' dir='ltr'><strong>praetextus</strong></span> <span class='ocrx_word' id='word_1_292' title='bbox 1933 3766 2097 3857; x_wconf 87' lang='lat' dir='ltr'><strong>quasi</strong></span> 
     </span>
    </p>
   </div>
   <div class='ocr_carea' id='block_1_43' title="bbox 454 3854 2091 3946">
    <p class='ocr_par' dir='ltr' id='par_1_43' title="bbox 454 3854 2091 3946">
     <span class='ocr_line' id='line_1_44' title="bbox 454 3854 2091 3946; baseline 0.009 -33"><span class='ocrx_word' id='word_1_293' title='bbox 454 3854 584 3934; x_wconf 90' lang='lat' dir='ltr'><strong>pius</strong></span> <span class='ocrx_word' id='word_1_294' title='bbox 611 3864 720 3916; x_wconf 90' lang='lat' dir='ltr'><strong>est.</strong></span> <span class='ocrx_word' id='word_1_295' title='bbox 750 3858 967 3918; x_wconf 86' lang='lat' dir='ltr'><strong>Preces</strong></span> <span class='ocrx_word' id='word_1_296' title='bbox 988 3859 1146 3919; x_wconf 91' lang='lat' dir='ltr'><strong>enim</strong></span> <span class='ocrx_word' id='word_1_297' title='bbox 1169 3870 1226 3921; x_wconf 90' lang='lat' dir='ltr'><strong>et</strong></span> <span class='ocrx_word' id='word_1_298' title='bbox 1256 3860 1565 3922; x_wconf 91' lang='lat' dir='ltr'><strong>utilitatem</strong></span> <span class='ocrx_word' id='word_1_299' title='bbox 1598 3862 1927 3925; x_wconf 89' lang='lat' dir='ltr'><strong>animarum</strong></span> <span class='ocrx_word' id='word_1_300' title='bbox 1950 3854 2091 3946; x_wconf 79' lang='lat' dir='ltr'><strong>prae-</strong></span> 
     </span>
    </p>
   </div>
   <div class='ocr_carea' id='block_1_44' title="bbox 450 3949 2101 4027">
    <p class='ocr_par' dir='ltr' id='par_1_44' title="bbox 450 3949 2101 4027">
     <span class='ocr_line' id='line_1_45' title="bbox 450 3949 2101 4027; baseline 0.008 -25"><span class='ocrx_word' id='word_1_301' title='bbox 450 3950 738 4019; x_wconf 85' lang='lat' dir='ltr'><strong>texentes,</strong></span> <span class='ocrx_word' id='word_1_302' title='bbox 768 3965 901 4021; x_wconf 48' lang='lat' dir='ltr'><strong>,non</strong></span> <span class='ocrx_word' id='word_1_303' title='bbox 930 3949 1224 4027; x_wconf 90' lang='lat' dir='ltr'><strong>jejunium</strong></span> <span class='ocrx_word' id='word_1_304' title='bbox 1257 3949 1494 4025; x_wconf 91' lang='lat' dir='ltr'><strong>docent,</strong></span> <span class='ocrx_word' id='word_1_305' title='bbox 1530 3951 1633 4012; x_wconf 92' lang='lat' dir='ltr'><strong>sed</strong></span> <span class='ocrx_word' id='word_1_306' title='bbox 1668 3952 2010 4017; x_wconf 87' lang='lat' dir='ltr'><strong>ebrietatem</strong></span> <span class='ocrx_word' id='word_1_307' title='bbox 2044 3965 2101 4016; x_wconf 89' lang='lat' dir='ltr'><strong>et</strong></span> 
     </span>
    </p>
   </div>
   <div class='ocr_carea' id='block_1_45' title="bbox 449 4033 2094 4123">
    <p class='ocr_par' dir='ltr' id='par_1_45' title="bbox 449 4033 2094 4123">
     <span class='ocr_line' id='line_1_46' title="bbox 449 4033 2094 4123; baseline 0.009 -32"><span class='ocrx_word' id='word_1_308' title='bbox 449 4033 919 4123; x_wconf 73' lang='lat' dir='ltr'><strong>gastrimargiam</strong></span> <span class='ocrx_word' id='word_1_309' title='bbox 956 4056 969 4095; x_wconf 91' lang='lat'><strong>:</strong></span> <span class='ocrx_word' id='word_1_310' title='bbox 1006 4047 1063 4098; x_wconf 87' lang='lat' dir='ltr'><strong>et</strong></span> <span class='ocrx_word' id='word_1_311' title='bbox 1094 4047 1403 4118; x_wconf 85' lang='lat' dir='ltr'><strong>propterea</strong></span> <span class='ocrx_word' id='word_1_312' title='bbox 1432 4040 1725 4119; x_wconf 83' lang='lat' dir='ltr'><strong>accipient</strong></span> <span class='ocrx_word' id='word_1_313' title='bbox 1749 4043 2094 4123; x_wconf 88' lang='lat' dir='ltr'><strong>ampliorem</strong></span> 
     </span>
    </p>
   </div>
   <div class='ocr_carea' id='block_1_46' title="bbox 448 4120 2090 4206">
    <p class='ocr_par' dir='ltr' id='par_1_46' title="bbox 448 4120 2090 4206">
     <span class='ocr_line' id='line_1_47' title="bbox 448 4120 2090 4206; baseline 0.008 -27"><span class='ocrx_word' id='word_1_314' title='bbox 448 4120 1006 4185; x_wconf 87' lang='lat' dir='ltr'><strong>condemnationem</strong></span> <span class='ocrx_word' id='word_1_315' title='bbox 1036 4149 1048 4184; x_wconf 89' lang='lat'><strong>:</strong></span> <span class='ocrx_word' id='word_1_316' title='bbox 1083 4127 1218 4206; x_wconf 82' lang='lat' dir='ltr'><strong>quia</strong></span> <span class='ocrx_word' id='word_1_317' title='bbox 1244 4146 1359 4188; x_wconf 92' lang='lat' dir='ltr'><strong>non</strong></span> <span class='ocrx_word' id='word_1_318' title='bbox 1383 4128 1576 4189; x_wconf 89' lang='lat' dir='ltr'><strong>solum</strong></span> <span class='ocrx_word' id='word_1_319' title='bbox 1598 4129 1821 4190; x_wconf 79' lang='lat' dir='ltr'><strong>faciunt</strong></span> <span class='ocrx_word' id='word_1_320' title='bbox 1850 4120 2090 4193; x_wconf 79' lang='lat' dir='ltr'><strong>malum.</strong></span> 
     </span>
    </p>
   </div>
   <div class='ocr_carea' id='block_1_47' title="bbox 447 4208 2097 4296">
    <p class='ocr_par' dir='ltr' id='par_1_47' title="bbox 447 4208 2097 4296">
     <span class='ocr_line' id='line_1_48' title="bbox 447 4208 2097 4296; baseline 0.008 -29"><span class='ocrx_word' id='word_1_321' title='bbox 447 4208 548 4269; x_wconf 89' lang='lat' dir='ltr'><strong>sed</strong></span> <span class='ocrx_word' id='word_1_322' title='bbox 587 4218 923 4289; x_wconf 66' lang='lat' dir='ltr'><strong>praetexunt</strong></span> <span class='ocrx_word' id='word_1_323' title='bbox 953 4233 1182 4296; x_wconf 86' lang='lat' dir='ltr'><strong>preces,</strong></span> <span class='ocrx_word' id='word_1_324' title='bbox 1219 4225 1277 4277; x_wconf 91' lang='lat' dir='ltr'><strong>et</strong></span> <span class='ocrx_word' id='word_1_325' title='bbox 1309 4217 1463 4296; x_wconf 91' lang='lat' dir='ltr'><strong>piam</strong></span> <span class='ocrx_word' id='word_1_326' title='bbox 1498 4218 1867 4280; x_wconf 85' lang='lat' dir='ltr'><strong>honestatem</strong></span> <span class='ocrx_word' id='word_1_327' title='bbox 1897 4240 1963 4281; x_wconf 90' lang='lat' dir='ltr'><strong>ac</strong></span> <span class='ocrx_word' id='word_1_328' title='bbox 1987 4222 2097 4281; x_wconf 87' lang='lat' dir='ltr'><strong>vir-</strong></span> 
     </span>
    </p>
   </div>
   <div class='ocr_carea' id='block_1_48' title="bbox 449 4301 2160 4388">
    <p class='ocr_par' dir='ltr' id='par_1_48' title="bbox 449 4301 2160 4388">
     <span class='ocr_line' id='line_1_49' title="bbox 449 4301 2160 4388; baseline 0.007 -34"><span class='ocrx_word' id='word_1_329' title='bbox 449 4302 637 4388; x_wconf 83' lang='lat' dir='ltr'><strong>tutem</strong></span> <span class='ocrx_word' id='word_1_330' title='bbox 669 4301 892 4362; x_wconf 85' lang='lat' dir='ltr'><strong>faciunt</strong></span> <span class='ocrx_word' id='word_1_331' title='bbox 921 4312 1266 4382; x_wconf 72' lang='lat' dir='ltr'><strong>praetextum</strong></span> <span class='ocrx_word' id='word_1_332' title='bbox 1303 4306 1553 4382; x_wconf 79' lang='lat' dir='ltr'><strong>peccati.</strong></span> <span class='ocrx_word' id='word_1_333' title='bbox 1606 4305 1924 4388; x_wconf 88' lang='lat' dir='ltr'><strong>Propterea</strong></span> <span class='ocrx_word' id='word_1_334' title='bbox 1954 4329 2096 4372; x_wconf 87' lang='lat' dir='ltr'><strong>sane</strong></span> <span class='ocrx_word' id='word_1_335' title='bbox 2121 4317 2160 4366; x_wconf 89' lang='lat' dir='ltr'><strong>D</strong></span> 
     </span>
    </p>
   </div>
   <div class='ocr_carea' id='block_1_49' title="bbox 445 4386 2097 4473">
    <p class='ocr_par' dir='ltr' id='par_1_49' title="bbox 445 4386 2097 4473">
     <span class='ocr_line' id='line_1_50' title="bbox 445 4386 2097 4473; baseline 0.009 -28"><span class='ocrx_word' id='word_1_336' title='bbox 445 4386 679 4461; x_wconf 80' lang='lat' dir='ltr'><strong>gravius</strong></span> <span class='ocrx_word' id='word_1_337' title='bbox 702 4392 1233 4473; x_wconf 84' lang='lat' dir='ltr'><strong>suntpuuiendi,ut</strong></span> <span class='ocrx_word' id='word_1_338' title='bbox 1259 4393 1503 4473; x_wconf 85' lang='lat' dir='ltr'><strong>quirem</strong></span> <span class='ocrx_word' id='word_1_339' title='bbox 1538 4386 1845 4457; x_wconf 86' lang='lat' dir='ltr'><strong>honestam</strong></span> <span class='ocrx_word' id='word_1_340' title='bbox 1879 4404 2097 4459; x_wconf 78' lang='lat' dir='ltr'><strong>catum-</strong></span> 
     </span>
    </p>
   </div>
   <div class='ocr_carea' id='block_1_50' title="bbox 442 4473 2093 4562">
    <p class='ocr_par' dir='ltr' id='par_1_50' title="bbox 442 4473 2093 4562">
     <span class='ocr_line' id='line_1_51' title="bbox 442 4473 2093 4562; baseline 0.007 -28"><span class='ocrx_word' id='word_1_341' title='bbox 442 4473 558 4535; x_wconf 69' lang='lat' dir='ltr'><strong>niaa</strong></span> <span class='ocrx_word' id='word_1_342' title='bbox 588 4476 848 4539; x_wconf 90' lang='lat' dir='ltr'><strong>reddunt</strong></span> <span class='ocrx_word' id='word_1_343' title='bbox 880 4480 1217 4544; x_wconf 81' lang='lat' dir='ltr'><strong>obnoxiam.</strong></span> <span class='ocrx_word' id='word_1_344' title='bbox 1268 4480 1589 4562; x_wconf 89' lang='lat' dir='ltr'><strong>Oportebat</strong></span> <span class='ocrx_word' id='word_1_345' title='bbox 1633 4502 1776 4545; x_wconf 88' lang='lat' dir='ltr'><strong>sane</strong></span> <span class='ocrx_word' id='word_1_346' title='bbox 1826 4486 2093 4547; x_wconf 82' lang='lat' dir='ltr'><strong>misereri</strong></span> 
     </span>
    </p>
   </div>
   <div class='ocr_carea' id='block_1_51' title="bbox 443 4563 2097 4652">
    <p class='ocr_par' dir='ltr' id='par_1_51' title="bbox 443 4563 2097 4652">
     <span class='ocr_line' id='line_1_52' title="bbox 443 4563 2097 4652; baseline 0.009 -30"><span class='ocrx_word' id='word_1_347' title='bbox 443 4563 660 4638; x_wconf 89' lang='lat' dir='ltr'><strong>viduis,</strong></span> <span class='ocrx_word' id='word_1_348' title='bbox 695 4567 778 4627; x_wconf 92' lang='lat' dir='ltr'><strong>illi</strong></span> <span class='ocrx_word' id='word_1_349' title='bbox 811 4578 1007 4629; x_wconf 90' lang='lat' dir='ltr'><strong>autem</strong></span> <span class='ocrx_word' id='word_1_350' title='bbox 1056 4580 1112 4630; x_wconf 89' lang='lat' dir='ltr'><strong>et</strong></span> <span class='ocrx_word' id='word_1_351' title='bbox 1163 4570 1373 4631; x_wconf 91' lang='lat' dir='ltr'><strong>domos</strong></span> <span class='ocrx_word' id='word_1_352' title='bbox 1424 4590 1626 4631; x_wconf 90' lang='lat' dir='ltr'><strong>earum</strong></span> <span class='ocrx_word' id='word_1_353' title='bbox 1681 4574 2097 4652; x_wconf 67' lang='lat' dir='ltr'><strong>ingrediuntur</strong></span> 
     </span>
    </p>
   </div>
   <div class='ocr_carea' id='block_1_52' title="bbox 440 4652 2093 4738">
    <p class='ocr_par' dir='ltr' id='par_1_52' title="bbox 440 4652 2093 4738">
     <span class='ocr_line' id='line_1_53' title="bbox 440 4652 2093 4738; baseline 0.008 -27"><span class='ocrx_word' id='word_1_354' title='bbox 440 4652 609 4731; x_wconf 89' lang='lat' dir='ltr'><strong>quasi</strong></span> <span class='ocrx_word' id='word_1_355' title='bbox 640 4672 748 4732; x_wconf 91' lang='lat' dir='ltr'><strong>per</strong></span> <span class='ocrx_word' id='word_1_356' title='bbox 780 4657 983 4736; x_wconf 81' lang='lat' dir='ltr'><strong>longas</strong></span> <span class='ocrx_word' id='word_1_357' title='bbox 1018 4676 1228 4738; x_wconf 88' lang='lat' dir='ltr'><strong>preces</strong></span> <span class='ocrx_word' id='word_1_358' title='bbox 1260 4659 1619 4721; x_wconf 89' lang='lat' dir='ltr'><strong>benedicant</strong></span> <span class='ocrx_word' id='word_1_359' title='bbox 1652 4683 1663 4720; x_wconf 89' lang='lat'>:</span> <span class='ocrx_word' id='word_1_360' title='bbox 1719 4663 1953 4724; x_wconf 90' lang='lat' dir='ltr'><strong>interim</strong></span> <span class='ocrx_word' id='word_1_361' title='bbox 2003 4663 2093 4725; x_wconf 77' lang='lat' dir='ltr'><strong>vi-</strong></span> 
     </span>
    </p>
   </div>
   <div class='ocr_carea' id='block_1_53' title="bbox 443 4741 2097 4833">
    <p class='ocr_par' dir='ltr' id='par_1_53' title="bbox 443 4741 2097 4833">
     <span class='ocr_line' id='line_1_54' title="bbox 443 4741 2097 4833; baseline 0.008 -33"><span class='ocrx_word' id='word_1_362' title='bbox 443 4741 574 4833; x_wconf 70' lang='lat' dir='ltr'><strong>duae</strong></span> <span class='ocrx_word' id='word_1_363' title='bbox 605 4742 665 4802; x_wconf 90' lang='lat' dir='ltr'><strong>in</strong></span> <span class='ocrx_word' id='word_1_364' title='bbox 690 4745 1004 4822; x_wconf 59' lang='lat' dir='ltr'><strong>praesentia</strong></span> <span class='ocrx_word' id='word_1_365' title='bbox 1026 4746 1265 4808; x_wconf 90' lang='lat' dir='ltr'><strong>illorum</strong></span> <span class='ocrx_word' id='word_1_366' title='bbox 1284 4748 1505 4810; x_wconf 87' lang='lat' dir='ltr'><strong>multos</strong></span> <span class='ocrx_word' id='word_1_367' title='bbox 1526 4760 2097 4833; x_wconf 82' lang='lat' dir='ltr'><strong>coguntursumptus</strong></span> 
     </span>
    </p>
   </div>
   <div class='ocr_carea' id='block_1_54' title="bbox 439 4827 1988 4911">
    <p class='ocr_par' dir='ltr' id='par_1_54' title="bbox 439 4827 1988 4911">
     <span class='ocr_line' id='line_1_55' title="bbox 439 4827 1988 4911; baseline 0.008 -22"><span class='ocrx_word' id='word_1_368' title='bbox 439 4827 658 4904; x_wconf 83' lang='lat' dir='ltr'><strong>facere,</strong></span> <span class='ocrx_word' id='word_1_369' title='bbox 693 4852 809 4911; x_wconf 90' lang='lat' dir='ltr'><strong>quo</strong></span> <span class='ocrx_word' id='word_1_370' title='bbox 841 4836 901 4895; x_wconf 86' lang='lat' dir='ltr'><strong>ﬁt</strong></span> <span class='ocrx_word' id='word_1_371' title='bbox 930 4846 992 4896; x_wconf 92' lang='lat' dir='ltr'><strong>ut</strong></span> <span class='ocrx_word' id='word_1_372' title='bbox 1021 4835 1448 4898; x_wconf 80' lang='lat' dir='ltr'><strong>exhauriantur</strong></span> <span class='ocrx_word' id='word_1_373' title='bbox 1479 4827 1713 4899; x_wconf 83' lang='lat' dir='ltr'><strong>illarum</strong></span> <span class='ocrx_word' id='word_1_374' title='bbox 1747 4827 1988 4902; x_wconf 70' lang='lat' dir='ltr'><strong>divitiae.</strong></span> 
     </span>
    </p>
   </div>
   <div class='ocr_carea' id='block_1_55' title="bbox 1037 5100 1477 5166">
    <p class='ocr_par' dir='ltr' id='par_1_55' title="bbox 1037 5100 1477 5166">
     <span class='ocr_line' id='line_1_56' title="bbox 1037 5100 1477 5166; baseline 0.007 -3"><span class='ocrx_word' id='word_1_375' title='bbox 1037 5100 1285 5165; x_wconf 87' lang='lat' dir='ltr'><strong>CAPUT</strong></span> <span class='ocrx_word' id='word_1_376' title='bbox 1324 5101 1477 5166; x_wconf 83' lang='lat' dir='ltr'><strong>XXI.</strong></span> 
     </span>
    </p>
   </div>
   <div class='ocr_carea' id='block_1_56' title="bbox 434 5182 2087 5273">
    <p class='ocr_par' dir='ltr' id='par_1_56' title="bbox 434 5182 2087 5273">
     <span class='ocr_line' id='line_1_57' title="bbox 434 5182 2087 5273; baseline 0.009 -31"><span class='ocrx_word' id='word_1_377' title='bbox 434 5182 516 5243; x_wconf 80' lang='lat' dir='ltr'><strong>De</strong></span> <span class='ocrx_word' id='word_1_378' title='bbox 537 5186 790 5273; x_wconf 63' lang='lat' dir='ltr'><strong>muliere</strong></span> <span class='ocrx_word' id='word_1_379' title='bbox 821 5207 959 5251; x_wconf 86' lang='lat' dir='ltr'><strong>cum</strong></span> <span class='ocrx_word' id='word_1_380' title='bbox 986 5190 1221 5253; x_wconf 83' lang='lat' dir='ltr'><strong>duobus</strong></span> <span class='ocrx_word' id='word_1_381' title='bbox 1249 5195 1526 5273; x_wconf 54' lang='lat' dir='ltr'><strong>minutis.</strong></span> <span class='ocrx_word' id='word_1_382' title='bbox 1574 5192 1983 5273; x_wconf 77' lang='lat' dir='ltr'><strong>Interrogatio</strong></span> <span class='ocrx_word' id='word_1_383' title='bbox 2013 5196 2087 5257; x_wconf 85' lang='lat' dir='ltr'><strong>de</strong></span> 
     </span>
    </p>
   </div>
   <div class='ocr_carea' id='block_1_57' title="bbox 514 5265 2082 5355">
    <p class='ocr_par' dir='ltr' id='par_1_57' title="bbox 514 5265 2082 5355">
     <span class='ocr_line' id='line_1_58' title="bbox 514 5265 2082 5355; baseline 0.007 -29"><span class='ocrx_word' id='word_1_384' title='bbox 514 5265 1289 5355; x_wconf 63' lang='lat' dir='ltr'><strong>ultimapgnsnmmatione.</strong></span> <span class='ocrx_word' id='word_1_385' title='bbox 1301 5270 1389 5332; x_wconf 85' lang='lat' dir='ltr'><strong>De</strong></span> <span class='ocrx_word' id='word_1_386' title='bbox 1406 5265 2055 5355; x_wconf 55' lang='lat' dir='ltr'><strong>obsidione/er&#39;ttsalem</strong></span> <span class='ocrx_word' id='word_1_387' title='bbox 2067 5324 2082 5355; x_wconf 94' lang='lat'><strong>,</strong></span> 
     </span>
    </p>
   </div>
   <div class='ocr_carea' id='block_1_58' title="bbox 511 5347 2082 5435">
    <p class='ocr_par' dir='ltr' id='par_1_58' title="bbox 511 5347 2082 5435">
     <span class='ocr_line' id='line_1_59' title="bbox 511 5347 2082 5435; baseline 0.006 -30"><span class='ocrx_word' id='word_1_388' title='bbox 511 5347 753 5435; x_wconf 59' lang='lat' dir='ltr'><strong>etquod</strong></span> <span class='ocrx_word' id='word_1_389' title='bbox 784 5348 1064 5435; x_wconf 48' lang='lat' dir='ltr'><strong>Citrisltts</strong></span> <span class='ocrx_word' id='word_1_390' title='bbox 1093 5352 1457 5435; x_wconf 69' lang='lat' dir='ltr'><strong>pradixerit</strong></span> <span class='ocrx_word' id='word_1_391' title='bbox 1480 5352 1795 5431; x_wconf 74' lang='lat' dir='ltr'><strong>discipulis</strong></span> <span class='ocrx_word' id='word_1_392' title='bbox 1823 5356 1952 5435; x_wconf 79' lang='lat' dir='ltr'><strong>ejus</strong></span> <span class='ocrx_word' id='word_1_393' title='bbox 1974 5347 2082 5417; x_wconf 73' lang='grc' dir='ltr'>υαὲ</span> 
     </span>
    </p>
   </div>
   <div class='ocr_carea' id='block_1_59' title="bbox 508 5426 1169 5509">
    <p class='ocr_par' dir='ltr' id='par_1_59' title="bbox 508 5426 1169 5509">
     <span class='ocr_line' id='line_1_60' title="bbox 508 5426 1169 5509; baseline 0.012 -25"><span class='ocrx_word' id='word_1_394' title='bbox 508 5426 799 5488; x_wconf 76' lang='lat' dir='ltr'><strong>stitatem.</strong></span> <span class='ocrx_word' id='word_1_395' title='bbox 842 5428 928 5490; x_wconf 86' lang='lat' dir='ltr'><strong>De</strong></span> <span class='ocrx_word' id='word_1_396' title='bbox 955 5426 1169 5509; x_wconf 63' lang='lat' dir='ltr'><strong>signis.</strong></span> 
     </span>
    </p>
   </div>
   <div class='ocr_carea' id='block_1_60' title="bbox 508 5589 2080 5681">
    <p class='ocr_par' dir='ltr' id='par_1_60' title="bbox 508 5589 2080 5681">
     <span class='ocr_line' id='line_1_61' title="bbox 508 5589 2080 5681; baseline 0.008 -29"><span class='ocrx_word' id='word_1_397' title='bbox 508 5589 689 5655; x_wconf 76' lang='lat' dir='ltr'><strong>Vens.</strong></span> <span class='ocrx_word' id='word_1_398' title='bbox 725 5598 885 5657; x_wconf 68' lang='lat' dir='ltr'><strong>l-4.¢</strong></span> <span class='ocrx_word' id='word_1_399' title='bbox 916 5595 1267 5676; x_wconf 75' lang='lat' dir='ltr'><strong>Respiciens</strong></span> <span class='ocrx_word' id='word_1_400' title='bbox 1293 5604 1492 5659; x_wconf 89' lang='lat' dir='ltr'><strong>autem</strong></span> <span class='ocrx_word' id='word_1_401' title='bbox 1516 5598 1661 5661; x_wconf 89' lang='lat' dir='ltr'><strong>vidit</strong></span> <span class='ocrx_word' id='word_1_402' title='bbox 1685 5617 1787 5661; x_wconf 87' lang='lat' dir='ltr'><strong>eos</strong></span> <span class='ocrx_word' id='word_1_403' title='bbox 1815 5602 1916 5681; x_wconf 91' lang='lat' dir='ltr'><strong>qui</strong></span> <span class='ocrx_word' id='word_1_404' title='bbox 1940 5605 2080 5665; x_wconf 90' lang='lat' dir='ltr'><strong>mit-</strong></span> 
     </span>
    </p>
   </div>
   <div class='ocr_carea' id='block_1_61' title="bbox 426 5678 2085 5767">
    <p class='ocr_par' dir='ltr' id='par_1_61' title="bbox 426 5678 2085 5767">
     <span class='ocr_line' id='line_1_62' title="bbox 426 5678 2085 5767; baseline 0.008 -28"><span class='ocrx_word' id='word_1_405' title='bbox 426 5678 630 5741; x_wconf 82' lang='lat' dir='ltr'><strong>tebant</strong></span> <span class='ocrx_word' id='word_1_406' title='bbox 664 5698 907 5746; x_wconf 82' lang='lat' dir='ltr'><strong>munera</strong></span> <span class='ocrx_word' id='word_1_407' title='bbox 929 5703 1035 5746; x_wconf 82' lang='lat' dir='ltr'><strong>sua</strong></span> <span class='ocrx_word' id='word_1_408' title='bbox 1059 5686 1116 5745; x_wconf 88' lang='lat' dir='ltr'><strong>in</strong></span> <span class='ocrx_word' id='word_1_409' title='bbox 1135 5686 1619 5767; x_wconf 80' lang='lat' dir='ltr'><strong>gazophylacium</strong></span> <span class='ocrx_word' id='word_1_410' title='bbox 1652 5678 1884 5751; x_wconf 75' lang='lat' dir='ltr'><strong>divites.</strong></span> <span class='ocrx_word' id='word_1_411' title='bbox 1920 5691 2085 5755; x_wconf 90' lang='lat' dir='ltr'><strong>Vidit</strong></span> 
     </span>
    </p>
   </div>
   <div class='ocr_carea' id='block_1_62' title="bbox 2179 553 3833 637">
    <p class='ocr_par' dir='ltr' id='par_1_62' title="bbox 2179 553 3833 637">
     <span class='ocr_line' id='line_1_63' title="bbox 2179 553 3833 637; baseline 0.002 -27"><span class='ocrx_word' id='word_1_412' title='bbox 2179 553 2397 634; x_wconf 81' lang='grc' dir='ltr'>θέντων,</span> <span class='ocrx_word' id='word_1_413' title='bbox 2458 554 2775 621; x_wconf 78' lang='grc' dir='ltr'>ἀποδέξαντο</span> <span class='ocrx_word' id='word_1_414' title='bbox 2828 560 2918 613; x_wconf 80' lang='grc' dir='ltr'><strong>τὸν</strong></span> <span class='ocrx_word' id='word_1_415' title='bbox 2978 556 3183 624; x_wconf 76' lang='grc' dir='ltr'>ἰησούν</span> <span class='ocrx_word' id='word_1_416' title='bbox 3238 560 3285 613; x_wconf 63' lang='lat' dir='ltr'><strong>oi.</strong></span> <span class='ocrx_word' id='word_1_417' title='bbox 3342 565 3377 613; x_wconf 93' lang='grc' dir='ltr'><strong><em>Γ</em></strong></span> <span class='ocrx_word' id='word_1_418' title='bbox 3383 562 3713 637; x_wconf 82' lang='grc' dir='ltr'>ραμματεῖς,</span> <span class='ocrx_word' id='word_1_419' title='bbox 3758 560 3833 620; x_wconf 78' lang='grc' dir='ltr'><strong>ὡς</strong></span> 
     </span>
    </p>
   </div>
   <div class='ocr_carea' id='block_1_63' title="bbox 2182 643 3834 723">
    <p class='ocr_par' dir='ltr' id='par_1_63' title="bbox 2182 643 3834 723">
     <span class='ocr_line' id='line_1_64' title="bbox 2182 643 3834 723; baseline 0.002 -25"><span class='ocrx_word' id='word_1_420' title='bbox 2182 643 2490 723; x_wconf 76' lang='grc' dir='ltr'><strong>ἀντίτεχνον</strong></span> <span class='ocrx_word' id='word_1_421' title='bbox 2520 652 2624 701; x_wconf 83' lang='grc' dir='ltr'><strong>τῶν</strong></span> <span class='ocrx_word' id='word_1_422' title='bbox 2670 644 3057 723; x_wconf 68' lang='grc' dir='ltr'><strong>Σαδδουκαίων,</strong></span> <span class='ocrx_word' id='word_1_423' title='bbox 3091 646 3337 715; x_wconf 75' lang='grc' dir='ltr'><strong>ἡσθέντες</strong></span> <span class='ocrx_word' id='word_1_424' title='bbox 3369 647 3454 702; x_wconf 83' lang='grc' dir='ltr'>ἐπὶ</span> <span class='ocrx_word' id='word_1_425' title='bbox 3498 647 3575 721; x_wconf 70' lang='grc' dir='ltr'>μῇ</span> <span class='ocrx_word' id='word_1_426' title='bbox 3620 648 3834 702; x_wconf 80' lang='grc' dir='ltr'>ἐκείνων</span> 
     </span>
    </p>
   </div>
   <div class='ocr_carea' id='block_1_64' title="bbox 2182 731 2339 807">
    <p class='ocr_par' dir='ltr' id='par_1_64' title="bbox 2182 731 2339 807">
     <span class='ocr_line' id='line_1_65' title="bbox 2182 731 2339 807; baseline 0.006 -20"><span class='ocrx_word' id='word_1_427' title='bbox 2182 731 2317 807; x_wconf 74' lang='grc' dir='ltr'>ἥττῃ</span> <span class='ocrx_word' id='word_1_428' title='bbox 2329 777 2339 788; x_wconf 95' lang='grc'>.</span> 
     </span>
    </p>
   </div>
   <div class='ocr_carea' id='block_1_65' title="bbox 2268 820 3837 901">
    <p class='ocr_par' dir='ltr' id='par_1_65' title="bbox 2268 820 3837 901">
     <span class='ocr_line' id='line_1_66' title="bbox 2268 820 3837 901; baseline -0.001 -25"><span class='ocrx_word' id='word_1_429' title='bbox 2268 843 2295 874; x_wconf 75' lang='grc' dir='ltr'><strong>α</strong></span> <span class='ocrx_word' id='word_1_430' title='bbox 2347 822 2486 878; x_wconf 82' lang='grc' dir='ltr'>Εῖπε</span> <span class='ocrx_word' id='word_1_431' title='bbox 2530 820 2584 877; x_wconf 73' lang='grc' dir='ltr'>δὲ</span> <span class='ocrx_word' id='word_1_432' title='bbox 2627 823 2757 901; x_wconf 79' lang='grc' dir='ltr'>πρὸς</span> <span class='ocrx_word' id='word_1_433' title='bbox 2792 824 2976 885; x_wconf 75' lang='grc' dir='ltr'>αὐτούς</span> <span class='ocrx_word' id='word_1_434' title='bbox 3012 840 3024 853; x_wconf 83' lang='grc'><strong><em>⁸</em></strong></span> <span class='ocrx_word' id='word_1_435' title='bbox 3076 830 3195 889; x_wconf 82' lang='grc' dir='ltr'><strong>[Ιῶς</strong></span> <span class='ocrx_word' id='word_1_436' title='bbox 3241 822 3451 901; x_wconf 86' lang='grc' dir='ltr'>λέγουσι</span> <span class='ocrx_word' id='word_1_437' title='bbox 3482 824 3573 880; x_wconf 84' lang='grc' dir='ltr'><strong>τὸν</strong></span> <span class='ocrx_word' id='word_1_438' title='bbox 3607 824 3837 901; x_wconf 77' lang='grc' dir='ltr'>Χριστὸν</span> 
     </span>
    </p>
   </div>
   <div class='ocr_carea' id='block_1_66' title="bbox 2177 909 3836 989">
    <p class='ocr_par' dir='ltr' id='par_1_66' title="bbox 2177 909 3836 989">
     <span class='ocr_line' id='line_1_67' title="bbox 2177 909 3836 989; baseline -0.001 -22"><span class='ocrx_word' id='word_1_439' title='bbox 2177 912 2283 967; x_wconf 72' lang='grc' dir='ltr'><strong>υἱὸν</strong></span> <span class='ocrx_word' id='word_1_440' title='bbox 2346 909 2513 965; x_wconf 77' lang='grc' dir='ltr'>Δαυ³ιδ</span> <span class='ocrx_word' id='word_1_441' title='bbox 2571 915 2733 985; x_wconf 82' lang='grc' dir='ltr'>εἶναι,</span> <span class='ocrx_word' id='word_1_442' title='bbox 2795 913 2881 968; x_wconf 86' lang='grc' dir='ltr'><strong>καὶ</strong></span> <span class='ocrx_word' id='word_1_443' title='bbox 2928 914 3083 975; x_wconf 73' lang='grc' dir='ltr'>αὐτὸς</span> <span class='ocrx_word' id='word_1_444' title='bbox 3156 911 3324 969; x_wconf 63' lang='grc' dir='ltr'>Δαυῗδ</span> <span class='ocrx_word' id='word_1_445' title='bbox 3378 912 3523 989; x_wconf 90' lang='grc' dir='ltr'>λέγει</span> <span class='ocrx_word' id='word_1_446' title='bbox 3569 912 3622 968; x_wconf 78' lang='grc' dir='ltr'><strong>ἐν</strong></span> <span class='ocrx_word' id='word_1_447' title='bbox 3667 909 3836 987; x_wconf 73' lang='grc' dir='ltr'>βίϐλῳ</span> 
     </span>
    </p>
   </div>
   <div class='ocr_carea' id='block_1_67' title="bbox 2179 998 3834 1078">
    <p class='ocr_par' dir='ltr' id='par_1_67' title="bbox 2179 998 3834 1078">
     <span class='ocr_line' id='line_1_68' title="bbox 2179 998 3834 1078; baseline 0.001 -25"><span class='ocrx_word' id='word_1_448' title='bbox 2179 998 2443 1074; x_wconf 79' lang='grc' dir='ltr'><strong>Ψαλμῶν,</strong></span> <span class='ocrx_word' id='word_1_449' title='bbox 2493 1001 2663 1057; x_wconf 77' lang='grc' dir='ltr'>Εἶπεν</span> <span class='ocrx_word' id='word_1_450' title='bbox 2706 1002 2733 1056; x_wconf 87' lang='grc' dir='ltr'>ὁ</span> <span class='ocrx_word' id='word_1_451' title='bbox 2783 1001 2967 1078; x_wconf 82' lang='grc' dir='ltr'>Κύριος</span> <span class='ocrx_word' id='word_1_452' title='bbox 3008 1009 3085 1077; x_wconf 75' lang='grc' dir='ltr'><strong>τῴ</strong></span> <span class='ocrx_word' id='word_1_453' title='bbox 3132 1002 3304 1078; x_wconf 80' lang='grc' dir='ltr'>Κυρίῳ</span> <span class='ocrx_word' id='word_1_454' title='bbox 3355 1024 3481 1077; x_wconf 86' lang='grc' dir='ltr'>μου.</span> <span class='ocrx_word' id='word_1_455' title='bbox 3545 1002 3717 1058; x_wconf 83' lang='grc' dir='ltr'>Κάθου</span> <span class='ocrx_word' id='word_1_456' title='bbox 3772 1000 3834 1054; x_wconf 78' lang='grc' dir='ltr'>ἐκ</span> 
     </span>
    </p>
   </div>
   <div class='ocr_carea' id='block_1_68' title="bbox 2174 1085 3833 1171">
    <p class='ocr_par' dir='ltr' id='par_1_68' title="bbox 2174 1085 3833 1171">
     <span class='ocr_line' id='line_1_69' title="bbox 2174 1085 3833 1171; baseline -0.008 -16"><span class='ocrx_word' id='word_1_457' title='bbox 2174 1085 2351 1152; x_wconf 64' lang='grc' dir='ltr'>δεξιων</span> <span class='ocrx_word' id='word_1_458' title='bbox 2412 1112 2538 1163; x_wconf 83' lang='grc' dir='ltr'>μου,</span> <span class='ocrx_word' id='word_1_459' title='bbox 2572 1088 2671 1152; x_wconf 80' lang='grc' dir='ltr'><strong>ἕως</strong></span> <span class='ocrx_word' id='word_1_460' title='bbox 2728 1088 2789 1144; x_wconf 80' lang='grc' dir='ltr'>ἂν</span> <span class='ocrx_word' id='word_1_461' title='bbox 2846 1093 2921 1145; x_wconf 84' lang='grc' dir='ltr'>θῶ</span> <span class='ocrx_word' id='word_1_462' title='bbox 2970 1093 3090 1153; x_wconf 80' lang='grc' dir='ltr'>τοὺς</span> <span class='ocrx_word' id='word_1_463' title='bbox 3142 1091 3360 1171; x_wconf 50' lang='grc' dir='ltr'>ἐχθρούς</span> <span class='ocrx_word' id='word_1_464' title='bbox 3406 1113 3500 1147; x_wconf 82' lang='grc' dir='ltr'><strong>σου</strong></span> <span class='ocrx_word' id='word_1_465' title='bbox 3539 1088 3833 1146; x_wconf 73' lang='grc' dir='ltr'>ὑποπόδιον</span> 
     </span>
    </p>
   </div>
   <div class='ocr_carea' id='block_1_69' title="bbox 2181 1171 3832 1258">
    <p class='ocr_par' dir='ltr' id='par_1_69' title="bbox 2181 1171 3832 1258">
     <span class='ocr_line' id='line_1_70' title="bbox 2181 1171 3832 1258; baseline 0.001 -28"><span class='ocrx_word' id='word_1_466' title='bbox 2181 1183 2279 1231; x_wconf 79' lang='grc' dir='ltr'>τῶν</span> <span class='ocrx_word' id='word_1_467' title='bbox 2336 1176 2509 1233; x_wconf 83' lang='grc' dir='ltr'><strong>ποδῶν</strong></span> <span class='ocrx_word' id='word_1_468' title='bbox 2553 1199 2643 1233; x_wconf 88' lang='grc' dir='ltr'><strong>σου</strong></span> <span class='ocrx_word' id='word_1_469' title='bbox 2678 1197 2693 1257; x_wconf 67' lang='grc' dir='ltr'><strong><em>ς</em></strong></span> <span class='ocrx_word' id='word_1_470' title='bbox 2758 1176 2925 1236; x_wconf 78' lang='grc' dir='ltr'>Δαυ¹ιδ</span> <span class='ocrx_word' id='word_1_471' title='bbox 2983 1179 3070 1235; x_wconf 72' lang='grc' dir='ltr'>οὖν</span> <span class='ocrx_word' id='word_1_472' title='bbox 3131 1180 3317 1258; x_wconf 82' lang='grc' dir='ltr'><strong>Κύριον</strong></span> <span class='ocrx_word' id='word_1_473' title='bbox 3346 1181 3502 1237; x_wconf 69' lang='grc' dir='ltr'>αὐτὸν</span> <span class='ocrx_word' id='word_1_474' title='bbox 3532 1178 3712 1257; x_wconf 76' lang='grc' dir='ltr'>καλεῖ,</span> <span class='ocrx_word' id='word_1_475' title='bbox 3738 1171 3832 1233; x_wconf 77' lang='grc' dir='ltr'><strong>καὶ</strong></span> 
     </span>
    </p>
   </div>
   <div class='ocr_carea' id='block_1_70' title="bbox 2180 1265 3829 1340">
    <p class='ocr_par' dir='ltr' id='par_1_70' title="bbox 2180 1265 3829 1340">
     <span class='ocr_line' id='line_1_71' title="bbox 2180 1265 3829 1340; baseline 0.001 -20"><span class='ocrx_word' id='word_1_476' title='bbox 2180 1266 2292 1330; x_wconf 80' lang='grc' dir='ltr'>πῶς</span> <span class='ocrx_word' id='word_1_477' title='bbox 2322 1268 2430 1327; x_wconf 77' lang='grc' dir='ltr'>υἱὸς</span> <span class='ocrx_word' id='word_1_478' title='bbox 2475 1269 2630 1323; x_wconf 76' lang='grc' dir='ltr'>αὐτοῦ</span> <span class='ocrx_word' id='word_1_479' title='bbox 2658 1266 2799 1322; x_wconf 86' lang='grc' dir='ltr'>ἐστιν</span> <span class='ocrx_word' id='word_1_480' title='bbox 2830 1284 2845 1340; x_wconf 88' lang='grc'>;</span> <span class='ocrx_word' id='word_1_481' title='bbox 2879 1265 3190 1331; x_wconf 80' lang='grc' dir='ltr'><strong>Ἀκούοντος</strong></span> <span class='ocrx_word' id='word_1_482' title='bbox 3244 1266 3298 1323; x_wconf 79' lang='grc' dir='ltr'>δὲ</span> <span class='ocrx_word' id='word_1_483' title='bbox 3330 1269 3525 1330; x_wconf 82' lang='grc' dir='ltr'>παντὸς</span> <span class='ocrx_word' id='word_1_484' title='bbox 3558 1274 3646 1323; x_wconf 70' lang='grc' dir='ltr'>τοῦ</span> <span class='ocrx_word' id='word_1_485' title='bbox 3675 1266 3829 1339; x_wconf 80' lang='grc' dir='ltr'>λαοῦ,</span> 
     </span>
    </p>
   </div>
   <div class='ocr_carea' id='block_1_71' title="bbox 2182 1354 3830 1435">
    <p class='ocr_par' dir='ltr' id='par_1_71' title="bbox 2182 1354 3830 1435">
     <span class='ocr_line' id='line_1_72' title="bbox 2182 1354 3830 1435; baseline 0.001 -28"><span class='ocrx_word' id='word_1_486' title='bbox 2182 1354 2303 1409; x_wconf 83' lang='grc' dir='ltr'>εἶπε</span> <span class='ocrx_word' id='word_1_487' title='bbox 2335 1367 2451 1417; x_wconf 75' lang='grc' dir='ltr'>τοῖς</span> <span class='ocrx_word' id='word_1_488' title='bbox 2500 1358 2766 1428; x_wconf 73' lang='grc' dir='ltr'>μαθηταῖς</span> <span class='ocrx_word' id='word_1_489' title='bbox 2798 1357 2953 1411; x_wconf 70' lang='grc' dir='ltr'>αὐτοῦ</span> <span class='ocrx_word' id='word_1_490' title='bbox 2986 1374 2997 1386; x_wconf 92' lang='grc'><strong>·</strong></span> <span class='ocrx_word' id='word_1_491' title='bbox 3036 1355 3338 1435; x_wconf 80' lang='grc' dir='ltr'><strong>Προσέχετε</strong></span> <span class='ocrx_word' id='word_1_492' title='bbox 3370 1356 3477 1411; x_wconf 76' lang='grc' dir='ltr'>ἀπὸ</span> <span class='ocrx_word' id='word_1_493' title='bbox 3508 1362 3612 1411; x_wconf 73' lang='grc' dir='ltr'>τῶν</span> <span class='ocrx_word' id='word_1_494' title='bbox 3643 1362 3830 1434; x_wconf 85' lang='grc' dir='ltr'>Γραμ-</span> 
     </span>
    </p>
   </div>
   <div class='ocr_carea' id='block_1_72' title="bbox 2183 1441 3837 1524">
    <p class='ocr_par' dir='ltr' id='par_1_72' title="bbox 2183 1441 3837 1524">
     <span class='ocr_line' id='line_1_73' title="bbox 2183 1441 3837 1524; baseline 0.001 -27"><span class='ocrx_word' id='word_1_495' title='bbox 2183 1441 2394 1515; x_wconf 88' lang='grc' dir='ltr'>ματέων</span> <span class='ocrx_word' id='word_1_496' title='bbox 2441 1450 2546 1499; x_wconf 81' lang='grc' dir='ltr'><strong>τῶν</strong></span> <span class='ocrx_word' id='word_1_497' title='bbox 2615 1442 2874 1501; x_wconf 82' lang='grc' dir='ltr'><strong>θελόντων</strong></span> <span class='ocrx_word' id='word_1_498' title='bbox 2932 1459 3246 1524; x_wconf 77' lang='grc' dir='ltr'>περιπατεῖν</span> <span class='ocrx_word' id='word_1_499' title='bbox 3329 1444 3384 1499; x_wconf 80' lang='grc' dir='ltr'><strong>ἐν</strong></span> <span class='ocrx_word' id='word_1_500' title='bbox 3444 1444 3693 1518; x_wconf 73' lang='grc' dir='ltr'>στολαῖς,</span> <span class='ocrx_word' id='word_1_501' title='bbox 3744 1445 3837 1499; x_wconf 85' lang='grc' dir='ltr'><strong>καὶ</strong></span> 
     </span>
    </p>
   </div>
   <div class='ocr_carea' id='block_1_73' title="bbox 2183 1528 3835 1613">
    <p class='ocr_par' dir='ltr' id='par_1_73' title="bbox 2183 1528 3835 1613">
     <span class='ocr_line' id='line_1_74' title="bbox 2183 1528 3835 1613; baseline 0.002 -29"><span class='ocrx_word' id='word_1_502' title='bbox 2183 1528 2471 1609; x_wconf 75' lang='grc' dir='ltr'>φιλούντων</span> <span class='ocrx_word' id='word_1_503' title='bbox 2514 1531 2825 1605; x_wconf 81' lang='grc' dir='ltr'>ἀσπασμοὺς</span> <span class='ocrx_word' id='word_1_504' title='bbox 2885 1532 2937 1588; x_wconf 77' lang='grc' dir='ltr'><strong>ἐν</strong></span> <span class='ocrx_word' id='word_1_505' title='bbox 2981 1546 3104 1591; x_wconf 77' lang='grc' dir='ltr'>ταῖς</span> <span class='ocrx_word' id='word_1_506' title='bbox 3175 1533 3425 1613; x_wconf 73' lang='grc' dir='ltr'>ἀγοραῖς,</span> <span class='ocrx_word' id='word_1_507' title='bbox 3472 1534 3559 1588; x_wconf 84' lang='grc' dir='ltr'><strong>καὶ</strong></span> <span class='ocrx_word' id='word_1_508' title='bbox 3617 1554 3835 1611; x_wconf 80' lang='grc' dir='ltr'>πρωτο-</span> 
     </span>
    </p>
   </div>
   <div class='ocr_carea' id='block_1_74' title="bbox 2182 1617 3833 1701">
    <p class='ocr_par' dir='ltr' id='par_1_74' title="bbox 2182 1617 3833 1701">
     <span class='ocr_line' id='line_1_75' title="bbox 2182 1617 3833 1701; baseline 0.001 -27"><span class='ocrx_word' id='word_1_509' title='bbox 2182 1617 2453 1697; x_wconf 87' lang='grc' dir='ltr'>καθεδρίας</span> <span class='ocrx_word' id='word_1_510' title='bbox 2513 1620 2566 1675; x_wconf 83' lang='grc' dir='ltr'>ἐν</span> <span class='ocrx_word' id='word_1_511' title='bbox 2650 1634 2773 1683; x_wconf 78' lang='grc' dir='ltr'>ταῖς</span> <span class='ocrx_word' id='word_1_512' title='bbox 2859 1629 3232 1700; x_wconf 76' lang='grc' dir='ltr'>Συναγωγαϊς,</span> <span class='ocrx_word' id='word_1_513' title='bbox 3295 1625 3383 1677; x_wconf 85' lang='grc' dir='ltr'><strong>καὶ</strong></span> <span class='ocrx_word' id='word_1_514' title='bbox 3439 1622 3833 1701; x_wconf 69' lang='grc' dir='ltr'>πρωτοκλισίας</span> 
     </span>
    </p>
   </div>
   <div class='ocr_carea' id='block_1_75' title="bbox 2148 1706 3835 1789">
    <p class='ocr_par' dir='ltr' id='par_1_75' title="bbox 2148 1706 3835 1789">
     <span class='ocr_line' id='line_1_76' title="bbox 2148 1706 3835 1789; baseline 0.002 -28"><span class='ocrx_word' id='word_1_515' title='bbox 2148 1706 2239 1789; x_wconf 39' lang='grc' dir='ltr'><strong>ἓέν</strong></span> <span class='ocrx_word' id='word_1_516' title='bbox 2296 1723 2411 1771; x_wconf 68' lang='grc' dir='ltr'>τοτς</span> <span class='ocrx_word' id='word_1_517' title='bbox 2455 1707 2702 1783; x_wconf 77' lang='grc' dir='ltr'>δείπνοις,</span> <span class='ocrx_word' id='word_1_518' title='bbox 2759 1709 2813 1764; x_wconf 79' lang='grc' dir='ltr'><strong>οἳ</strong></span> <span class='ocrx_word' id='word_1_519' title='bbox 2874 1713 3202 1767; x_wconf 74' lang='grc' dir='ltr'>κατεσθίουσι</span> <span class='ocrx_word' id='word_1_520' title='bbox 3244 1712 3338 1774; x_wconf 78' lang='grc' dir='ltr'>τὰς</span> <span class='ocrx_word' id='word_1_521' title='bbox 3383 1712 3549 1775; x_wconf 80' lang='grc' dir='ltr'>οἰκίας</span> <span class='ocrx_word' id='word_1_522' title='bbox 3582 1716 3686 1765; x_wconf 78' lang='grc' dir='ltr'>τῶν</span> <span class='ocrx_word' id='word_1_523' title='bbox 3721 1732 3835 1788; x_wconf 57' lang='grc' dir='ltr'><strong>χη-</strong></span> 
     </span>
    </p>
   </div>
   <div class='ocr_carea' id='block_1_76' title="bbox 2187 1798 3832 1879">
    <p class='ocr_par' dir='ltr' id='par_1_76' title="bbox 2187 1798 3832 1879">
     <span class='ocr_line' id='line_1_77' title="bbox 2187 1798 3832 1879; baseline 0.001 -27"><span class='ocrx_word' id='word_1_524' title='bbox 2187 1803 2313 1875; x_wconf 84' lang='grc' dir='ltr'>ρῶν,</span> <span class='ocrx_word' id='word_1_525' title='bbox 2366 1799 2454 1852; x_wconf 83' lang='grc' dir='ltr'><strong>καὶ</strong></span> <span class='ocrx_word' id='word_1_526' title='bbox 2508 1799 2765 1876; x_wconf 75' lang='grc' dir='ltr'>προφάσει</span> <span class='ocrx_word' id='word_1_527' title='bbox 2821 1805 2996 1878; x_wconf 83' lang='grc' dir='ltr'>μακρᾷ</span> <span class='ocrx_word' id='word_1_528' title='bbox 3052 1800 3462 1879; x_wconf 79' lang='grc' dir='ltr'>προσεύχονται,</span> <span class='ocrx_word' id='word_1_529' title='bbox 3511 1799 3665 1856; x_wconf 79' lang='grc' dir='ltr'>Οὗτοι</span> <span class='ocrx_word' id='word_1_530' title='bbox 3720 1798 3832 1868; x_wconf 72' lang='grc' dir='ltr'><strong>λή-</strong></span> 
     </span>
    </p>
   </div>
   <div class='ocr_carea' id='block_1_77' title="bbox 2187 1888 3833 1967">
    <p class='ocr_par' dir='ltr' id='par_1_77' title="bbox 2187 1888 3833 1967">
     <span class='ocr_line' id='line_1_78' title="bbox 2187 1888 3833 1967; baseline 0 -26"><span class='ocrx_word' id='word_1_531' title='bbox 2187 1890 2375 1958; x_wconf 79' lang='grc' dir='ltr'>ψονται</span> <span class='ocrx_word' id='word_1_532' title='bbox 2435 1889 2807 1966; x_wconf 87' lang='grc' dir='ltr'>περισσότερον</span> <span class='ocrx_word' id='word_1_533' title='bbox 2855 1902 3049 1967; x_wconf 78' lang='grc' dir='ltr'>κρῖμα.</span> <span class='ocrx_word' id='word_1_534' title='bbox 3101 1913 3129 1943; x_wconf 67' lang='grc' dir='ltr'><strong><em>ι</em></strong></span> <span class='ocrx_word' id='word_1_535' title='bbox 3179 1888 3301 1946; x_wconf 88' lang='grc' dir='ltr'>Ἐπὶ</span> <span class='ocrx_word' id='word_1_536' title='bbox 3347 1891 3408 1944; x_wconf 78' lang='grc' dir='ltr'><strong>τὸ</strong></span> <span class='ocrx_word' id='word_1_537' title='bbox 3465 1890 3655 1960; x_wconf 77' lang='grc' dir='ltr'>πάθος,</span> <span class='ocrx_word' id='word_1_538' title='bbox 3708 1888 3833 1943; x_wconf 83' lang='grc' dir='ltr'>ὅσον</span> 
     </span>
    </p>
   </div>
   <div class='ocr_carea' id='block_1_78' title="bbox 2186 1972 3833 2055">
    <p class='ocr_par' dir='ltr' id='par_1_78' title="bbox 2186 1972 3833 2055">
     <span class='ocr_line' id='line_1_79' title="bbox 2186 1972 3833 2055; baseline 0.001 -25"><span class='ocrx_word' id='word_1_539' title='bbox 2186 1972 2356 2047; x_wconf 68' lang='grc' dir='ltr'>οῧπω,</span> <span class='ocrx_word' id='word_1_540' title='bbox 2443 1973 2653 2050; x_wconf 78' lang='grc' dir='ltr'>μέλλων</span> <span class='ocrx_word' id='word_1_541' title='bbox 2738 1977 2986 2055; x_wconf 78' lang='grc' dir='ltr'>ἔρχεσθαι</span> <span class='ocrx_word' id='word_1_542' title='bbox 3063 1978 3162 2044; x_wconf 77' lang='grc' dir='ltr'>τὴν</span> <span class='ocrx_word' id='word_1_543' title='bbox 3227 1979 3416 2033; x_wconf 78' lang='grc' dir='ltr'>ἑαυτοῦ</span> <span class='ocrx_word' id='word_1_544' title='bbox 3487 1977 3833 2055; x_wconf 71' lang='grc' dir='ltr'>ἀνακηρύττει</span> 
     </span>
    </p>
   </div>
   <div class='ocr_carea' id='block_1_79' title="bbox 2187 2062 3827 2143">
    <p class='ocr_par' dir='ltr' id='par_1_79' title="bbox 2187 2062 3827 2143">
     <span class='ocr_line' id='line_1_80' title="bbox 2187 2062 3827 2143; baseline 0.001 -26"><span class='ocrx_word' id='word_1_545' title='bbox 2187 2064 2438 2138; x_wconf 87' lang='grc' dir='ltr'>θεότητα,</span> <span class='ocrx_word' id='word_1_546' title='bbox 2500 2067 2586 2120; x_wconf 84' lang='grc' dir='ltr'><strong>καὶ</strong></span> <span class='ocrx_word' id='word_1_547' title='bbox 2632 2062 2745 2121; x_wconf 73' lang='grc' dir='ltr'>οὐδὲ</span> <span class='ocrx_word' id='word_1_548' title='bbox 2788 2073 2942 2122; x_wconf 80' lang='grc' dir='ltr'>τοῦτο</span> <span class='ocrx_word' id='word_1_549' title='bbox 2995 2065 3462 2143; x_wconf 79' lang='grc' dir='ltr'>ἀπαρακαλύπτως</span> <span class='ocrx_word' id='word_1_550' title='bbox 3508 2068 3592 2120; x_wconf 84' lang='grc' dir='ltr'><strong>καὶ</strong></span> <span class='ocrx_word' id='word_1_551' title='bbox 3636 2064 3827 2135; x_wconf 83' lang='grc' dir='ltr'>ἀλαζο-</span> 
     </span>
    </p>
   </div>
   <div class='ocr_carea' id='block_1_80' title="bbox 2189 2152 3837 2233">
    <p class='ocr_par' dir='ltr' id='par_1_80' title="bbox 2189 2152 3837 2233">
     <span class='ocr_line' id='line_1_81' title="bbox 2189 2152 3837 2233; baseline 0.002 -27"><span class='ocrx_word' id='word_1_552' title='bbox 2189 2158 2371 2225; x_wconf 86' lang='grc' dir='ltr'>νικῶς,</span> <span class='ocrx_word' id='word_1_553' title='bbox 2430 2152 2567 2209; x_wconf 77' lang='grc' dir='ltr'>ἀλλὰ</span> <span class='ocrx_word' id='word_1_554' title='bbox 2620 2156 2705 2209; x_wconf 86' lang='grc' dir='ltr'><strong>καὶ</strong></span> <span class='ocrx_word' id='word_1_555' title='bbox 2773 2152 2971 2233; x_wconf 75' lang='grc' dir='ltr'>σφόδρα</span> <span class='ocrx_word' id='word_1_556' title='bbox 3021 2154 3431 2233; x_wconf 82' lang='grc' dir='ltr'>μετριοφρόνως,</span> <span class='ocrx_word' id='word_1_557' title='bbox 3485 2153 3691 2232; x_wconf 84' lang='grc' dir='ltr'>Ἐρωτᾷ</span> <span class='ocrx_word' id='word_1_558' title='bbox 3736 2155 3837 2232; x_wconf 76' lang='grc' dir='ltr'>γὰρ</span> 
     </span>
    </p>
   </div>
   <div class='ocr_carea' id='block_1_81' title="bbox 2188 2241 3836 2321">
    <p class='ocr_par' dir='ltr' id='par_1_81' title="bbox 2188 2241 3836 2321">
     <span class='ocr_line' id='line_1_82' title="bbox 2188 2241 3836 2321; baseline 0.002 -26"><span class='ocrx_word' id='word_1_559' title='bbox 2188 2241 2400 2314; x_wconf 70' lang='grc' dir='ltr'>αὐτοὺς,</span> <span class='ocrx_word' id='word_1_560' title='bbox 2457 2244 2544 2299; x_wconf 87' lang='grc' dir='ltr'><strong>καὶ</strong></span> <span class='ocrx_word' id='word_1_561' title='bbox 2606 2244 2678 2305; x_wconf 84' lang='grc' dir='ltr'>εἰς</span> <span class='ocrx_word' id='word_1_562' title='bbox 2736 2243 2956 2321; x_wconf 82' lang='grc' dir='ltr'>ἀπορίαν</span> <span class='ocrx_word' id='word_1_563' title='bbox 3040 2242 3315 2320; x_wconf 82' lang='grc' dir='ltr'>ὲναγαγὼν</span> <span class='ocrx_word' id='word_1_564' title='bbox 3377 2244 3592 2321; x_wconf 78' lang='grc' dir='ltr'>ἀφίησιν</span> <span class='ocrx_word' id='word_1_565' title='bbox 3652 2243 3836 2304; x_wconf 73' lang='grc' dir='ltr'>αὖτοὺς</span> 
     </span>
    </p>
   </div>
   <div class='ocr_carea' id='block_1_82' title="bbox 2188 2327 3843 2409">
    <p class='ocr_par' dir='ltr' id='par_1_82' title="bbox 2188 2327 3843 2409">
     <span class='ocr_line' id='line_1_83' title="bbox 2188 2327 3843 2409; baseline 0.002 -25"><span class='ocrx_word' id='word_1_566' title='bbox 2188 2327 2592 2407; x_wconf 79' lang='grc' dir='ltr'>συλλογίσασθαι</span> <span class='ocrx_word' id='word_1_567' title='bbox 2637 2333 2698 2386; x_wconf 83' lang='grc' dir='ltr'><strong>τὸ</strong></span> <span class='ocrx_word' id='word_1_568' title='bbox 2741 2331 3049 2390; x_wconf 79' lang='grc' dir='ltr'>ἀκόλουθον.</span> <span class='ocrx_word' id='word_1_569' title='bbox 3101 2330 3269 2387; x_wconf 80' lang='grc' dir='ltr'>Δαυίδ</span> <span class='ocrx_word' id='word_1_570' title='bbox 3338 2332 3458 2409; x_wconf 79' lang='grc' dir='ltr'>γὰρ,</span> <span class='ocrx_word' id='word_1_571' title='bbox 3526 2333 3679 2409; x_wconf 77' lang='grc' dir='ltr'>φησὶ,</span> <span class='ocrx_word' id='word_1_572' title='bbox 3740 2333 3843 2388; x_wconf 76' lang='grc' dir='ltr'><strong>Κύ-</strong></span> 
     </span>
    </p>
   </div>
   <div class='ocr_carea' id='block_1_83' title="bbox 2188 2408 3838 2499">
    <p class='ocr_par' dir='ltr' id='par_1_83' title="bbox 2188 2408 3838 2499">
     <span class='ocr_line' id='line_1_84' title="bbox 2188 2408 3838 2499; baseline 0.001 -27"><span class='ocrx_word' id='word_1_573' title='bbox 2188 2439 2297 2493; x_wconf 88' lang='grc' dir='ltr'>ριον</span> <span class='ocrx_word' id='word_1_574' title='bbox 2326 2418 2505 2499; x_wconf 73' lang='grc' dir='ltr'>αὐτὸν,</span> <span class='ocrx_word' id='word_1_575' title='bbox 2538 2418 2719 2498; x_wconf 73' lang='grc' dir='ltr'>καλεῖ,</span> <span class='ocrx_word' id='word_1_576' title='bbox 2754 2421 2842 2475; x_wconf 89' lang='grc' dir='ltr'><strong>καὶ</strong></span> <span class='ocrx_word' id='word_1_577' title='bbox 2876 2422 2988 2482; x_wconf 76' lang='grc' dir='ltr'><strong>πῶς</strong></span> <span class='ocrx_word' id='word_1_578' title='bbox 3020 2421 3129 2482; x_wconf 83' lang='grc' dir='ltr'>υἱὸς</span> <span class='ocrx_word' id='word_1_579' title='bbox 3174 2420 3330 2477; x_wconf 72' lang='grc' dir='ltr'>αὐτοῦ</span> <span class='ocrx_word' id='word_1_580' title='bbox 3360 2421 3472 2475; x_wconf 80' lang='grc' dir='ltr'>ἐστι</span> <span class='ocrx_word' id='word_1_581' title='bbox 3498 2419 3655 2493; x_wconf 76' lang='grc' dir='ltr'>ψιλός</span> <span class='ocrx_word' id='word_1_582' title='bbox 3692 2438 3709 2495; x_wconf 84' lang='grc'><strong>;</strong></span> <span class='ocrx_word' id='word_1_583' title='bbox 3740 2408 3838 2475; x_wconf 62' lang='grc' dir='ltr'><strong>Ἠν</strong></span> 
     </span>
    </p>
   </div>
   <div class='ocr_carea' id='block_1_84' title="bbox 2186 2505 3833 2588">
    <p class='ocr_par' dir='ltr' id='par_1_84' title="bbox 2186 2505 3833 2588">
     <span class='ocr_line' id='line_1_85' title="bbox 2186 2505 3833 2588; baseline 0.001 -27"><span class='ocrx_word' id='word_1_584' title='bbox 2186 2506 2284 2581; x_wconf 87' lang='grc' dir='ltr'><strong>μέν</strong></span> <span class='ocrx_word' id='word_1_585' title='bbox 2337 2509 2436 2586; x_wconf 82' lang='grc' dir='ltr'><strong>γὰρ</strong></span> <span class='ocrx_word' id='word_1_586' title='bbox 2478 2510 2588 2572; x_wconf 82' lang='grc' dir='ltr'>υίὸς</span> <span class='ocrx_word' id='word_1_587' title='bbox 2636 2505 2805 2563; x_wconf 75' lang='grc' dir='ltr'>Δαυ³ιδ</span> <span class='ocrx_word' id='word_1_588' title='bbox 2860 2512 2922 2564; x_wconf 76' lang='grc' dir='ltr'><strong>τὸ</strong></span> <span class='ocrx_word' id='word_1_589' title='bbox 2978 2510 3114 2564; x_wconf 85' lang='grc' dir='ltr'>κατὰ</span> <span class='ocrx_word' id='word_1_590' title='bbox 3172 2510 3364 2588; x_wconf 79' lang='grc' dir='ltr'>σάρκα,</span> <span class='ocrx_word' id='word_1_591' title='bbox 3410 2506 3544 2563; x_wconf 71' lang='grc' dir='ltr'>ἄλλα</span> <span class='ocrx_word' id='word_1_592' title='bbox 3574 2510 3661 2563; x_wconf 86' lang='grc' dir='ltr'><strong>καὶ</strong></span> <span class='ocrx_word' id='word_1_593' title='bbox 3702 2510 3833 2571; x_wconf 83' lang='grc' dir='ltr'><strong>Θεὸς</strong></span> 
     </span>
    </p>
   </div>
   <div class='ocr_carea' id='block_1_85' title="bbox 2187 2594 3834 2672">
    <p class='ocr_par' dir='ltr' id='par_1_85' title="bbox 2187 2594 3834 2672">
     <span class='ocr_line' id='line_1_86' title="bbox 2187 2594 3834 2672; baseline 0.001 -22"><span class='ocrx_word' id='word_1_594' title='bbox 2187 2597 2343 2652; x_wconf 73' lang='grc' dir='ltr'><strong>αύτοῦ</strong></span> <span class='ocrx_word' id='word_1_595' title='bbox 2376 2612 2389 2625; x_wconf 88' lang='grc'>⁶</span> <span class='ocrx_word' id='word_1_596' title='bbox 2447 2596 2643 2653; x_wconf 79' lang='grc' dir='ltr'>ἐκεῖνοι</span> <span class='ocrx_word' id='word_1_597' title='bbox 2705 2594 2759 2652; x_wconf 81' lang='grc' dir='ltr'><strong>δὲ</strong></span> <span class='ocrx_word' id='word_1_598' title='bbox 2812 2597 2972 2672; x_wconf 87' lang='grc' dir='ltr'>μόνον</span> <span class='ocrx_word' id='word_1_599' title='bbox 3015 2605 3170 2653; x_wconf 75' lang='grc' dir='ltr'>τοῦτο</span> <span class='ocrx_word' id='word_1_600' title='bbox 3217 2600 3326 2654; x_wconf 82' lang='grc' dir='ltr'>υἱὸν</span> <span class='ocrx_word' id='word_1_601' title='bbox 3356 2598 3511 2654; x_wconf 73' lang='grc' dir='ltr'>αὐτὸν</span> <span class='ocrx_word' id='word_1_602' title='bbox 3540 2604 3631 2653; x_wconf 80' lang='grc' dir='ltr'>τοὺ</span> <span class='ocrx_word' id='word_1_603' title='bbox 3665 2595 3834 2652; x_wconf 72' lang='grc' dir='ltr'>Δαυ⁵ιδ</span> 
     </span>
    </p>
   </div>
   <div class='ocr_carea' id='block_1_86' title="bbox 2186 2683 3828 2764">
    <p class='ocr_par' dir='ltr' id='par_1_86' title="bbox 2186 2683 3828 2764">
     <span class='ocr_line' id='line_1_87' title="bbox 2186 2683 3828 2764; baseline 0.001 -25"><span class='ocrx_word' id='word_1_604' title='bbox 2186 2683 2448 2758; x_wconf 80' lang='grc' dir='ltr'>ἐνόμιζον,</span> <span class='ocrx_word' id='word_1_605' title='bbox 2496 2690 2588 2741; x_wconf 78' lang='grc' dir='ltr'><strong>Διὸ</strong></span> <span class='ocrx_word' id='word_1_606' title='bbox 2641 2685 2921 2764; x_wconf 80' lang='grc' dir='ltr'>ἀνατρέπει</span> <span class='ocrx_word' id='word_1_607' title='bbox 2980 2687 3175 2752; x_wconf 84' lang='grc' dir='ltr'>ταύτην</span> <span class='ocrx_word' id='word_1_608' title='bbox 3225 2686 3395 2741; x_wconf 75' lang='grc' dir='ltr'>αὖτῶν</span> <span class='ocrx_word' id='word_1_609' title='bbox 3424 2686 3522 2751; x_wconf 74' lang='grc' dir='ltr'><strong>τὴν</strong></span> <span class='ocrx_word' id='word_1_610' title='bbox 3550 2683 3699 2749; x_wconf 80' lang='grc' dir='ltr'>δόξαν</span> <span class='ocrx_word' id='word_1_611' title='bbox 3731 2686 3828 2749; x_wconf 71' lang='grc' dir='ltr'>τὴν</span> 
     </span>
    </p>
   </div>
   <div class='ocr_carea' id='block_1_87' title="bbox 2181 2771 3829 2853">
    <p class='ocr_par' dir='ltr' id='par_1_87' title="bbox 2181 2771 3829 2853">
     <span class='ocr_line' id='line_1_88' title="bbox 2181 2771 3829 2853; baseline 0.001 -27"><span class='ocrx_word' id='word_1_612' title='bbox 2181 2774 2295 2850; x_wconf 89' lang='grc' dir='ltr'>περὶ</span> <span class='ocrx_word' id='word_1_613' title='bbox 2337 2781 2429 2830; x_wconf 81' lang='grc' dir='ltr'><strong>τοῦ</strong></span> <span class='ocrx_word' id='word_1_614' title='bbox 2460 2773 2615 2849; x_wconf 83' lang='grc' dir='ltr'>ψιλὸν</span> <span class='ocrx_word' id='word_1_615' title='bbox 2671 2778 2809 2829; x_wconf 77' lang='grc' dir='ltr'>εἶναι</span> <span class='ocrx_word' id='word_1_616' title='bbox 2861 2776 2970 2830; x_wconf 79' lang='grc' dir='ltr'>υἱὸν</span> <span class='ocrx_word' id='word_1_617' title='bbox 3019 2783 3111 2830; x_wconf 81' lang='grc' dir='ltr'>τοῦ</span> <span class='ocrx_word' id='word_1_618' title='bbox 3144 2773 3331 2853; x_wconf 48' lang='grc' dir='ltr'>Δαυλιδ,</span> <span class='ocrx_word' id='word_1_619' title='bbox 3364 2774 3601 2852; x_wconf 75' lang='grc' dir='ltr'>ἐμφαίνει</span> <span class='ocrx_word' id='word_1_620' title='bbox 3632 2771 3687 2828; x_wconf 77' lang='grc' dir='ltr'>δὲ</span> <span class='ocrx_word' id='word_1_621' title='bbox 3743 2774 3829 2828; x_wconf 88' lang='grc' dir='ltr'><strong>καὶ</strong></span> 
     </span>
    </p>
   </div>
   <div class='ocr_carea' id='block_1_88' title="bbox 2182 2858 3826 2940">
    <p class='ocr_par' dir='ltr' id='par_1_88' title="bbox 2182 2858 3826 2940">
     <span class='ocr_line' id='line_1_89' title="bbox 2182 2858 3826 2940; baseline 0.001 -25"><span class='ocrx_word' id='word_1_622' title='bbox 2182 2858 2262 2915; x_wconf 76' lang='grc' dir='ltr'><strong>ὅτι</strong></span> <span class='ocrx_word' id='word_1_623' title='bbox 2327 2866 2422 2920; x_wconf 71' lang='grc' dir='ltr'>οὒκ</span> <span class='ocrx_word' id='word_1_624' title='bbox 2476 2864 2738 2926; x_wconf 75' lang='grc' dir='ltr'>ὰντίθετός</span> <span class='ocrx_word' id='word_1_625' title='bbox 2782 2863 2903 2919; x_wconf 69' lang='grc' dir='ltr'>ἐστι</span> <span class='ocrx_word' id='word_1_626' title='bbox 2962 2868 3039 2937; x_wconf 78' lang='grc' dir='ltr'><strong>τῷ</strong></span> <span class='ocrx_word' id='word_1_627' title='bbox 3099 2864 3283 2940; x_wconf 86' lang='grc' dir='ltr'>Πατρὶ,</span> <span class='ocrx_word' id='word_1_628' title='bbox 3318 2861 3455 2918; x_wconf 76' lang='grc' dir='ltr'>ἀλλὰ</span> <span class='ocrx_word' id='word_1_629' title='bbox 3485 2860 3691 2928; x_wconf 61' lang='grc' dir='ltr'>πολλὴν</span> <span class='ocrx_word' id='word_1_630' title='bbox 3731 2861 3826 2929; x_wconf 68' lang='grc' dir='ltr'>τήν</span> 
     </span>
    </p>
   </div>
   <div class='ocr_carea' id='block_1_89' title="bbox 2185 2950 3826 3031">
    <p class='ocr_par' dir='ltr' id='par_1_89' title="bbox 2185 2950 3826 3031">
     <span class='ocr_line' id='line_1_90' title="bbox 2185 2950 3826 3031; baseline 0 -26"><span class='ocrx_word' id='word_1_631' title='bbox 2185 2950 2432 3024; x_wconf 84' lang='grc' dir='ltr'>ὁμόνοιαν</span> <span class='ocrx_word' id='word_1_632' title='bbox 2485 2952 2601 3031; x_wconf 73' lang='grc' dir='ltr'>ἔχει</span> <span class='ocrx_word' id='word_1_633' title='bbox 2659 2954 2788 3029; x_wconf 71' lang='grc' dir='ltr'>πρὸς</span> <span class='ocrx_word' id='word_1_634' title='bbox 2863 2954 3040 3021; x_wconf 62' lang='grc' dir='ltr'>αὐτὸν,</span> <span class='ocrx_word' id='word_1_635' title='bbox 3088 2951 3205 3029; x_wconf 72' lang='grc' dir='ltr'>ε’ἷγε</span> <span class='ocrx_word' id='word_1_636' title='bbox 3249 2952 3371 3015; x_wconf 80' lang='grc' dir='ltr'>τοὺς</span> <span class='ocrx_word' id='word_1_637' title='bbox 3413 2952 3635 3030; x_wconf 73' lang='grc' dir='ltr'>εχθροὺς</span> <span class='ocrx_word' id='word_1_638' title='bbox 3678 2952 3826 3005; x_wconf 75' lang='grc' dir='ltr'>αὑτοῦ</span> 
     </span>
    </p>
   </div>
   <div class='ocr_carea' id='block_1_90' title="bbox 2187 3040 3826 3119">
    <p class='ocr_par' dir='ltr' id='par_1_90' title="bbox 2187 3040 3826 3119">
     <span class='ocr_line' id='line_1_91' title="bbox 2187 3040 3826 3119; baseline 0.001 -26"><span class='ocrx_word' id='word_1_639' title='bbox 2187 3040 2598 3117; x_wconf 81' lang='grc' dir='ltr'>καταγωνίζεται</span> <span class='ocrx_word' id='word_1_640' title='bbox 2646 3044 2671 3096; x_wconf 78' lang='grc' dir='ltr'>ὁ</span> <span class='ocrx_word' id='word_1_641' title='bbox 2719 3043 2924 3119; x_wconf 49' lang='grc' dir='ltr'>Πατήρ.</span> <span class='ocrx_word' id='word_1_642' title='bbox 2985 3048 3158 3097; x_wconf 74' lang='grc' dir='ltr'>Ταῦτα</span> <span class='ocrx_word' id='word_1_643' title='bbox 3221 3040 3317 3114; x_wconf 77' lang='grc' dir='ltr'><strong>μὲν</strong></span> <span class='ocrx_word' id='word_1_644' title='bbox 3360 3040 3448 3095; x_wconf 75' lang='grc' dir='ltr'>οὖν</span> <span class='ocrx_word' id='word_1_645' title='bbox 3500 3053 3617 3102; x_wconf 73' lang='grc' dir='ltr'>τοῖς</span> <span class='ocrx_word' id='word_1_646' title='bbox 3650 3045 3826 3117; x_wconf 85' lang='grc' dir='ltr'>Γραμ-</span> 
     </span>
    </p>
   </div>
   <div class='ocr_carea' id='block_1_91' title="bbox 2188 3127 3834 3204">
    <p class='ocr_par' dir='ltr' id='par_1_91' title="bbox 2188 3127 3834 3204">
     <span class='ocr_line' id='line_1_92' title="bbox 2188 3127 3834 3204; baseline 0.002 -23"><span class='ocrx_word' id='word_1_647' title='bbox 2188 3135 2458 3200; x_wconf 84' lang='grc' dir='ltr'>ματεῠσιν.</span> <span class='ocrx_word' id='word_1_648' title='bbox 2523 3127 2672 3186; x_wconf 83' lang='grc' dir='ltr'>Ἐπεὶ</span> <span class='ocrx_word' id='word_1_649' title='bbox 2749 3128 2803 3184; x_wconf 77' lang='grc' dir='ltr'><strong>δὲ</strong></span> <span class='ocrx_word' id='word_1_650' title='bbox 2858 3131 2977 3194; x_wconf 80' lang='grc' dir='ltr'>τοὺς</span> <span class='ocrx_word' id='word_1_651' title='bbox 3039 3130 3279 3204; x_wconf 73' lang='grc' dir='ltr'>μαθητάς</span> <span class='ocrx_word' id='word_1_652' title='bbox 3339 3127 3679 3192; x_wconf 80' lang='grc' dir='ltr'>διδασκάλους</span> <span class='ocrx_word' id='word_1_653' title='bbox 3735 3134 3834 3193; x_wconf 70' lang='grc' dir='ltr'>τῆς</span> 
     </span>
    </p>
   </div>
   <div class='ocr_carea' id='block_1_92' title="bbox 2187 3215 3835 3294">
    <p class='ocr_par' dir='ltr' id='par_1_92' title="bbox 2187 3215 3835 3294">
     <span class='ocr_line' id='line_1_93' title="bbox 2187 3215 3835 3294; baseline 0.001 -25"><span class='ocrx_word' id='word_1_654' title='bbox 2187 3215 2500 3289; x_wconf 78' lang='grc' dir='ltr'>οἰκουμένης</span> <span class='ocrx_word' id='word_1_655' title='bbox 2556 3218 2889 3293; x_wconf 79' lang='grc' dir='ltr'>ἀπέστειλεν,</span> <span class='ocrx_word' id='word_1_656' title='bbox 2938 3220 3153 3281; x_wconf 74' lang='grc' dir='ltr'>εἰκότως</span> <span class='ocrx_word' id='word_1_657' title='bbox 3206 3220 3390 3282; x_wconf 71' lang='grc' dir='ltr'>αὐτοῖς</span> <span class='ocrx_word' id='word_1_658' title='bbox 3448 3231 3697 3294; x_wconf 74' lang='grc' dir='ltr'>παραινεῖ</span> <span class='ocrx_word' id='word_1_659' title='bbox 3758 3220 3835 3291; x_wconf 72' lang='grc' dir='ltr'><strong>μὴ</strong></span> 
     </span>
    </p>
   </div>
   <div class='ocr_carea' id='block_1_93' title="bbox 2186 3304 3835 3386">
    <p class='ocr_par' dir='ltr' id='par_1_93' title="bbox 2186 3304 3835 3386">
     <span class='ocr_line' id='line_1_94' title="bbox 2186 3304 3835 3386; baseline 0.002 -29"><span class='ocrx_word' id='word_1_660' title='bbox 2186 3308 2467 3378; x_wconf 76' lang='grc' dir='ltr'>μιμεῖσθαι</span> <span class='ocrx_word' id='word_1_661' title='bbox 2545 3314 2649 3363; x_wconf 82' lang='grc' dir='ltr'><strong>τῶν</strong></span> <span class='ocrx_word' id='word_1_662' title='bbox 2711 3312 3012 3386; x_wconf 84' lang='grc' dir='ltr'>Φαρισαίων</span> <span class='ocrx_word' id='word_1_663' title='bbox 3076 3309 3170 3374; x_wconf 83' lang='grc' dir='ltr'><strong>τὴν</strong></span> <span class='ocrx_word' id='word_1_664' title='bbox 3232 3305 3500 3386; x_wconf 77' lang='grc' dir='ltr'>φιλόδοξον</span> <span class='ocrx_word' id='word_1_665' title='bbox 3538 3308 3623 3362; x_wconf 80' lang='grc' dir='ltr'><strong>καὶ</strong></span> <span class='ocrx_word' id='word_1_666' title='bbox 3676 3304 3835 3385; x_wconf 81' lang='grc' dir='ltr'>φιλό-</span> 
     </span>
    </p>
   </div>
   <div class='ocr_carea' id='block_1_94' title="bbox 2187 3395 3833 3473">
    <p class='ocr_par' dir='ltr' id='par_1_94' title="bbox 2187 3395 3833 3473">
     <span class='ocr_line' id='line_1_95' title="bbox 2187 3395 3833 3473; baseline 0.002 -27"><span class='ocrx_word' id='word_1_667' title='bbox 2187 3414 2395 3470; x_wconf 85' lang='grc' dir='ltr'>πρωτον</span> <span class='ocrx_word' id='word_1_668' title='bbox 2438 3395 2681 3472; x_wconf 85' lang='grc' dir='ltr'>γνώμην,</span> <span class='ocrx_word' id='word_1_669' title='bbox 2753 3400 2841 3452; x_wconf 88' lang='grc' dir='ltr'><strong>καὶ</strong></span> <span class='ocrx_word' id='word_1_670' title='bbox 2904 3396 3086 3458; x_wconf 68' lang='grc' dir='ltr'>ἁπλῶς</span> <span class='ocrx_word' id='word_1_671' title='bbox 3130 3397 3394 3470; x_wconf 76' lang='grc' dir='ltr'>κοσμικὴν</span> <span class='ocrx_word' id='word_1_672' title='bbox 3439 3397 3526 3451; x_wconf 86' lang='grc' dir='ltr'><strong>καὶ</strong></span> <span class='ocrx_word' id='word_1_673' title='bbox 3584 3395 3833 3473; x_wconf 83' lang='grc' dir='ltr'>ἀνθρωπ-</span> 
     </span>
    </p>
   </div>
   <div class='ocr_carea' id='block_1_95' title="bbox 2186 3481 3832 3563">
    <p class='ocr_par' dir='ltr' id='par_1_95' title="bbox 2186 3481 3832 3563">
     <span class='ocr_line' id='line_1_96' title="bbox 2186 3481 3832 3563; baseline -0.001 -22"><span class='ocrx_word' id='word_1_674' title='bbox 2186 3481 2428 3558; x_wconf 74' lang='grc' dir='ltr'>ἀρεσκον.</span> <span class='ocrx_word' id='word_1_675' title='bbox 2489 3487 2559 3540; x_wconf 83' lang='grc' dir='ltr'>Τὸ</span> <span class='ocrx_word' id='word_1_676' title='bbox 2640 3486 2739 3563; x_wconf 80' lang='grc' dir='ltr'><strong>γὰρ</strong></span> <span class='ocrx_word' id='word_1_677' title='bbox 2816 3488 2934 3549; x_wconf 80' lang='grc' dir='ltr'>τοὺς</span> <span class='ocrx_word' id='word_1_678' title='bbox 3013 3486 3323 3560; x_wconf 80' lang='grc' dir='ltr'>ἀσπασμοὺς</span> <span class='ocrx_word' id='word_1_679' title='bbox 3382 3483 3704 3551; x_wconf 79' lang='grc' dir='ltr'>ἐπιτηδεύειν</span> <span class='ocrx_word' id='word_1_680' title='bbox 3775 3483 3832 3539; x_wconf 75' lang='grc' dir='ltr'><strong>ἐν</strong></span> 
     </span>
    </p>
   </div>
   <div class='ocr_carea' id='block_1_96' title="bbox 2183 3572 3827 3653">
    <p class='ocr_par' dir='ltr' id='par_1_96' title="bbox 2183 3572 3827 3653">
     <span class='ocr_line' id='line_1_97' title="bbox 2183 3572 3827 3653; baseline 0.002 -29"><span class='ocrx_word' id='word_1_681' title='bbox 2183 3584 2305 3635; x_wconf 76' lang='grc' dir='ltr'>ταῖς</span> <span class='ocrx_word' id='word_1_682' title='bbox 2363 3572 2613 3653; x_wconf 80' lang='grc' dir='ltr'>ἀγοραῖς,</span> <span class='ocrx_word' id='word_1_683' title='bbox 2679 3573 3074 3630; x_wconf 76' lang='grc' dir='ltr'>κολακευόντων</span> <span class='ocrx_word' id='word_1_684' title='bbox 3132 3573 3239 3628; x_wconf 79' lang='grc' dir='ltr'>ἐστὶ</span> <span class='ocrx_word' id='word_1_685' title='bbox 3285 3574 3403 3636; x_wconf 81' lang='grc' dir='ltr'>τοὺς</span> <span class='ocrx_word' id='word_1_686' title='bbox 3462 3572 3827 3653; x_wconf 64' lang='grc' dir='ltr'>ἐντδγχάνον-</span> 
     </span>
    </p>
   </div>
   <div class='ocr_carea' id='block_1_97' title="bbox 2181 3659 3831 3742">
    <p class='ocr_par' dir='ltr' id='par_1_97' title="bbox 2181 3659 3831 3742">
     <span class='ocr_line' id='line_1_98' title="bbox 2181 3659 3831 3742; baseline 0.002 -29"><span class='ocrx_word' id='word_1_687' title='bbox 2181 3679 2299 3731; x_wconf 89' lang='grc' dir='ltr'>τας,</span> <span class='ocrx_word' id='word_1_688' title='bbox 2348 3663 2433 3715; x_wconf 83' lang='grc' dir='ltr'><strong>καὶ</strong></span> <span class='ocrx_word' id='word_1_689' title='bbox 2488 3659 2638 3726; x_wconf 79' lang='grc' dir='ltr'>δόξαν</span> <span class='ocrx_word' id='word_1_690' title='bbox 2682 3662 2964 3729; x_wconf 86' lang='grc' dir='ltr'>καλοηθίας</span> <span class='ocrx_word' id='word_1_691' title='bbox 3024 3662 3361 3742; x_wconf 77' lang='grc' dir='ltr'>θηφομένων,</span> <span class='ocrx_word' id='word_1_692' title='bbox 3512 3664 3831 3740; x_wconf 76' lang='grc' dir='ltr'>συναγωγῆς</span> 
     </span>
    </p>
   </div>
   <div class='ocr_carea' id='block_1_98' title="bbox 2183 3749 3828 3830">
    <p class='ocr_par' dir='ltr' id='par_1_98' title="bbox 2183 3749 3828 3830">
     <span class='ocr_line' id='line_1_99' title="bbox 2183 3749 3828 3830; baseline 0.004 -31"><span class='ocrx_word' id='word_1_693' title='bbox 2183 3749 2483 3826; x_wconf 72' lang='grc' dir='ltr'>χρημάτων</span> <span class='ocrx_word' id='word_1_694' title='bbox 2527 3752 2788 3830; x_wconf 79' lang='grc' dir='ltr'>πρόφασιν</span> <span class='ocrx_word' id='word_1_695' title='bbox 2831 3751 2983 3807; x_wconf 74' lang='grc' dir='ltr'><strong>τοῦτο</strong></span> <span class='ocrx_word' id='word_1_696' title='bbox 3040 3752 3345 3827; x_wconf 76' lang='grc' dir='ltr'>τιθεμένων,</span> <span class='ocrx_word' id='word_1_697' title='bbox 3394 3749 3560 3807; x_wconf 80' lang='grc' dir='ltr'>Ἀλλὰ</span> <span class='ocrx_word' id='word_1_698' title='bbox 3600 3752 3688 3806; x_wconf 85' lang='grc' dir='ltr'><strong>καὶ</strong></span> <span class='ocrx_word' id='word_1_699' title='bbox 3732 3752 3828 3813; x_wconf 77' lang='grc' dir='ltr'>τὰς</span> 
     </span>
    </p>
   </div>
   <div class='ocr_carea' id='block_1_99' title="bbox 2184 3837 3829 3921">
    <p class='ocr_par' dir='ltr' id='par_1_99' title="bbox 2184 3837 3829 3921">
     <span class='ocr_line' id='line_1_100' title="bbox 2184 3837 3829 3921; baseline 0.004 -32"><span class='ocrx_word' id='word_1_700' title='bbox 2184 3837 2348 3899; x_wconf 75' lang='grc' dir='ltr'>οἰκίας</span> <span class='ocrx_word' id='word_1_701' title='bbox 2408 3844 2509 3894; x_wconf 79' lang='grc' dir='ltr'><strong>τῶν</strong></span> <span class='ocrx_word' id='word_1_702' title='bbox 2541 3848 2751 3918; x_wconf 80' lang='grc' dir='ltr'>χηρών,</span> <span class='ocrx_word' id='word_1_703' title='bbox 2811 3842 2965 3921; x_wconf 87' lang='grc' dir='ltr'>φησὶ,</span> <span class='ocrx_word' id='word_1_704' title='bbox 3009 3841 3338 3896; x_wconf 83' lang='grc' dir='ltr'>κατεσθίουσι</span> <span class='ocrx_word' id='word_1_705' title='bbox 3396 3841 3829 3918; x_wconf 77' lang='grc' dir='ltr'>γαστριζόμενοι,</span> 
     </span>
    </p>
   </div>
   <div class='ocr_carea' id='block_1_100' title="bbox 2182 3926 3831 4008">
    <p class='ocr_par' dir='ltr' id='par_1_100' title="bbox 2182 3926 3831 4008">
     <span class='ocr_line' id='line_1_101' title="bbox 2182 3926 3831 4008; baseline 0.003 -30"><span class='ocrx_word' id='word_1_706' title='bbox 2182 3926 2269 3980; x_wconf 87' lang='grc' dir='ltr'><strong>καὶ</strong></span> <span class='ocrx_word' id='word_1_707' title='bbox 2310 3926 2441 4005; x_wconf 81' lang='grc' dir='ltr'>πέρα</span> <span class='ocrx_word' id='word_1_708' title='bbox 2486 3930 2577 3983; x_wconf 70' lang='grc' dir='ltr'>τοῦ</span> <span class='ocrx_word' id='word_1_709' title='bbox 2634 3926 2841 3993; x_wconf 80' lang='grc' dir='ltr'>δέοντος</span> <span class='ocrx_word' id='word_1_710' title='bbox 2898 3928 3267 3992; x_wconf 70' lang='grc' dir='ltr'>ἀναλίσκοντες</span> <span class='ocrx_word' id='word_1_711' title='bbox 3307 3946 3320 3960; x_wconf 91' lang='grc'><em>’</em></span> <span class='ocrx_word' id='word_1_712' title='bbox 3368 3930 3456 3984; x_wconf 86' lang='grc' dir='ltr'><strong>καὶ</strong></span> <span class='ocrx_word' id='word_1_713' title='bbox 3499 3930 3531 3995; x_wconf 71' lang='grc' dir='ltr'>ἡ</span> <span class='ocrx_word' id='word_1_714' title='bbox 3563 3928 3831 4008; x_wconf 84' lang='grc' dir='ltr'>πρόφασις</span> 
     </span>
    </p>
   </div>
   <div class='ocr_carea' id='block_1_101' title="bbox 2180 4012 3835 4096">
    <p class='ocr_par' dir='ltr' id='par_1_101' title="bbox 2180 4012 3835 4096">
     <span class='ocr_line' id='line_1_102' title="bbox 2180 4012 3835 4096; baseline 0.002 -28"><span class='ocrx_word' id='word_1_715' title='bbox 2180 4016 2252 4077; x_wconf 86' lang='grc' dir='ltr'>ὡς</span> <span class='ocrx_word' id='word_1_716' title='bbox 2309 4012 2536 4085; x_wconf 68' lang='grc' dir='ltr'>εὒλαὸής</span> <span class='ocrx_word' id='word_1_717' title='bbox 2620 4017 2801 4096; x_wconf 70' lang='grc' dir='ltr'><strong>Εὖχήν</strong></span> <span class='ocrx_word' id='word_1_718' title='bbox 2854 4019 2953 4095; x_wconf 74' lang='grc' dir='ltr'><strong>γὰρ</strong></span> <span class='ocrx_word' id='word_1_719' title='bbox 3004 4019 3091 4073; x_wconf 92' lang='grc' dir='ltr'><strong>καὶ</strong></span> <span class='ocrx_word' id='word_1_720' title='bbox 3121 4017 3380 4095; x_wconf 81' lang='grc' dir='ltr'>ὠφέλειαν</span> <span class='ocrx_word' id='word_1_721' title='bbox 3410 4018 3650 4095; x_wconf 64' lang='grc' dir='ltr'>ψυχικὴν</span> <span class='ocrx_word' id='word_1_722' title='bbox 3693 4040 3835 4094; x_wconf 79' lang='grc' dir='ltr'>προ-</span> 
     </span>
    </p>
   </div>
   <div class='ocr_carea' id='block_1_102' title="bbox 2179 4103 3833 4182">
    <p class='ocr_par' dir='ltr' id='par_1_102' title="bbox 2179 4103 3833 4182">
     <span class='ocr_line' id='line_1_103' title="bbox 2179 4103 3833 4182; baseline 0.002 -25"><span class='ocrx_word' id='word_1_723' title='bbox 2179 4103 2545 4182; x_wconf 84' lang='grc' dir='ltr'>φασιζόμενοι,</span> <span class='ocrx_word' id='word_1_724' title='bbox 2607 4111 2666 4163; x_wconf 72' lang='grc' dir='ltr'><strong>οὗ</strong></span> <span class='ocrx_word' id='word_1_725' title='bbox 2724 4108 2967 4172; x_wconf 86' lang='grc' dir='ltr'>νηστείᾶν</span> <span class='ocrx_word' id='word_1_726' title='bbox 3018 4105 3374 4179; x_wconf 74' lang='grc' dir='ltr'>διδάσκουσιν,</span> <span class='ocrx_word' id='word_1_727' title='bbox 3442 4105 3578 4161; x_wconf 81' lang='grc' dir='ltr'>ἀλλὰ</span> <span class='ocrx_word' id='word_1_728' title='bbox 3636 4104 3833 4179; x_wconf 83' lang='grc' dir='ltr'>μέθην,</span> 
     </span>
    </p>
   </div>
   <div class='ocr_carea' id='block_1_103' title="bbox 2179 4192 3828 4274">
    <p class='ocr_par' dir='ltr' id='par_1_103' title="bbox 2179 4192 3828 4274">
     <span class='ocr_line' id='line_1_104' title="bbox 2179 4192 3828 4274; baseline 0.002 -29"><span class='ocrx_word' id='word_1_729' title='bbox 2179 4194 2268 4246; x_wconf 87' lang='grc' dir='ltr'><strong>καὶ</strong></span> <span class='ocrx_word' id='word_1_730' title='bbox 2326 4195 2770 4273; x_wconf 78' lang='grc' dir='ltr'>γαστριμαργίαν,</span> <span class='ocrx_word' id='word_1_731' title='bbox 2844 4197 2931 4250; x_wconf 89' lang='grc' dir='ltr'><strong>καὶ</strong></span> <span class='ocrx_word' id='word_1_732' title='bbox 2988 4192 3071 4249; x_wconf 84' lang='grc' dir='ltr'><strong>διὰ</strong></span> <span class='ocrx_word' id='word_1_733' title='bbox 3123 4204 3276 4252; x_wconf 76' lang='grc' dir='ltr'>τουτο</span> <span class='ocrx_word' id='word_1_734' title='bbox 3326 4193 3614 4274; x_wconf 71' lang='grc' dir='ltr'>λήψονται,</span> <span class='ocrx_word' id='word_1_735' title='bbox 3672 4198 3828 4273; x_wconf 87' lang='grc' dir='ltr'>φησὶ,</span> 
     </span>
    </p>
   </div>
   <div class='ocr_carea' id='block_1_104' title="bbox 2179 4281 3827 4361">
    <p class='ocr_par' dir='ltr' id='par_1_104' title="bbox 2179 4281 3827 4361">
     <span class='ocr_line' id='line_1_105' title="bbox 2179 4281 3827 4361; baseline 0.001 -26"><span class='ocrx_word' id='word_1_736' title='bbox 2179 4281 2547 4358; x_wconf 85' lang='grc' dir='ltr'>περισσότερον</span> <span class='ocrx_word' id='word_1_737' title='bbox 2604 4295 2795 4361; x_wconf 75' lang='grc' dir='ltr'>κρῖμα,</span> <span class='ocrx_word' id='word_1_738' title='bbox 2843 4282 2923 4338; x_wconf 80' lang='grc' dir='ltr'><strong>ὅτι</strong></span> <span class='ocrx_word' id='word_1_739' title='bbox 2978 4285 3039 4339; x_wconf 79' lang='grc' dir='ltr'>οὒ</span> <span class='ocrx_word' id='word_1_740' title='bbox 3082 4283 3242 4358; x_wconf 87' lang='grc' dir='ltr'>μόνον</span> <span class='ocrx_word' id='word_1_741' title='bbox 3289 4290 3495 4339; x_wconf 80' lang='grc' dir='ltr'>ποιοῦσι</span> <span class='ocrx_word' id='word_1_742' title='bbox 3544 4284 3597 4338; x_wconf 78' lang='grc' dir='ltr'>τὸ</span> <span class='ocrx_word' id='word_1_743' title='bbox 3634 4285 3827 4355; x_wconf 81' lang='grc' dir='ltr'>κακὸν,</span> 
     </span>
    </p>
   </div>
   <div class='ocr_carea' id='block_1_105' title="bbox 2180 4367 3829 4451">
    <p class='ocr_par' dir='ltr' id='par_1_105' title="bbox 2180 4367 3829 4451">
     <span class='ocr_line' id='line_1_106' title="bbox 2180 4367 3829 4451; baseline 0.004 -28"><span class='ocrx_word' id='word_1_744' title='bbox 2180 4367 2318 4424; x_wconf 80' lang='grc' dir='ltr'>ἀλλὰ</span> <span class='ocrx_word' id='word_1_745' title='bbox 2375 4372 2462 4425; x_wconf 85' lang='grc' dir='ltr'><strong>καὶ</strong></span> <span class='ocrx_word' id='word_1_746' title='bbox 2518 4372 2923 4450; x_wconf 79' lang='grc' dir='ltr'>προφασίζονται</span> <span class='ocrx_word' id='word_1_747' title='bbox 2984 4374 3171 4451; x_wconf 70' lang='grc' dir='ltr'>εὐχάς.</span> <span class='ocrx_word' id='word_1_748' title='bbox 3238 4374 3333 4429; x_wconf 73' lang='grc' dir='ltr'>Καὶ</span> <span class='ocrx_word' id='word_1_749' title='bbox 3406 4375 3463 4427; x_wconf 79' lang='grc' dir='ltr'><strong>τὸ</strong></span> <span class='ocrx_word' id='word_1_750' title='bbox 3522 4373 3829 4451; x_wconf 70' lang='grc' dir='ltr'>πρόσχημα</span> 
     </span>
    </p>
   </div>
   <div class='ocr_carea' id='block_1_106' title="bbox 2180 4456 3827 4540">
    <p class='ocr_par' dir='ltr' id='par_1_106' title="bbox 2180 4456 3827 4540">
     <span class='ocr_line' id='line_1_107' title="bbox 2180 4456 3827 4540; baseline 0.002 -28"><span class='ocrx_word' id='word_1_751' title='bbox 2180 4459 2363 4521; x_wconf 63' lang='grc' dir='ltr'>αὒιτυτς</span> <span class='ocrx_word' id='word_1_752' title='bbox 2407 4456 2647 4533; x_wconf 80' lang='grc' dir='ltr'>εὐλαϐὲς,</span> <span class='ocrx_word' id='word_1_753' title='bbox 2709 4463 2793 4516; x_wconf 87' lang='grc' dir='ltr'><strong>καὶ</strong></span> <span class='ocrx_word' id='word_1_754' title='bbox 2848 4462 2948 4527; x_wconf 71' lang='grc' dir='ltr'>τὴν</span> <span class='ocrx_word' id='word_1_755' title='bbox 2991 4462 3182 4540; x_wconf 74' lang='grc' dir='ltr'>ἀρετὴν</span> <span class='ocrx_word' id='word_1_756' title='bbox 3240 4463 3506 4540; x_wconf 72' lang='grc' dir='ltr'>πρόφασιν</span> <span class='ocrx_word' id='word_1_757' title='bbox 3546 4469 3827 4516; x_wconf 75' lang='grc' dir='ltr'>ποιουν-ται</span> 
     </span>
    </p>
   </div>
   <div class='ocr_carea' id='block_1_107' title="bbox 2184 4546 3828 4626">
    <p class='ocr_par' dir='ltr' id='par_1_107' title="bbox 2184 4546 3828 4626">
     <span class='ocr_line' id='line_1_108' title="bbox 2184 4546 3828 4626; baseline 0.002 -26"><span class='ocrx_word' id='word_1_758' title='bbox 2184 4546 2453 4625; x_wconf 82' lang='grc' dir='ltr'>πονηρίας,</span> <span class='ocrx_word' id='word_1_759' title='bbox 2518 4550 2612 4604; x_wconf 84' lang='grc' dir='ltr'><strong>Διὸ</strong></span> <span class='ocrx_word' id='word_1_760' title='bbox 2670 4547 2734 4616; x_wconf 76' lang='grc' dir='ltr'>δὴ</span> <span class='ocrx_word' id='word_1_761' title='bbox 2792 4551 2881 4605; x_wconf 87' lang='grc' dir='ltr'><strong>καὶ</strong></span> <span class='ocrx_word' id='word_1_762' title='bbox 2939 4551 3307 4626; x_wconf 79' lang='grc' dir='ltr'>περισσότερον</span> <span class='ocrx_word' id='word_1_763' title='bbox 3363 4550 3695 4626; x_wconf 84' lang='grc' dir='ltr'>κατακριτέοι</span> <span class='ocrx_word' id='word_1_764' title='bbox 3751 4551 3828 4614; x_wconf 79' lang='grc' dir='ltr'><strong>ὡς</strong></span> 
     </span>
    </p>
   </div>
   <div class='ocr_carea' id='block_1_108' title="bbox 2178 4635 3826 4716">
    <p class='ocr_par' dir='ltr' id='par_1_108' title="bbox 2178 4635 3826 4716">
     <span class='ocr_line' id='line_1_109' title="bbox 2178 4635 3826 4716; baseline 0.003 -28"><span class='ocrx_word' id='word_1_765' title='bbox 2178 4635 2263 4689; x_wconf 83' lang='grc' dir='ltr'><strong>καὶ</strong></span> <span class='ocrx_word' id='word_1_766' title='bbox 2321 4636 2381 4691; x_wconf 86' lang='grc' dir='ltr'>τὸ</span> <span class='ocrx_word' id='word_1_767' title='bbox 2439 4637 2600 4692; x_wconf 79' lang='grc' dir='ltr'>καλὸν</span> <span class='ocrx_word' id='word_1_768' title='bbox 2654 4635 3020 4695; x_wconf 77' lang='grc' dir='ltr'>διαϐάλλεσθαι</span> <span class='ocrx_word' id='word_1_769' title='bbox 3066 4646 3361 4695; x_wconf 78' lang='grc' dir='ltr'>ποιοῦντες.</span> <span class='ocrx_word' id='word_1_770' title='bbox 3404 4640 3533 4694; x_wconf 78' lang='grc' dir='ltr'>Δέον</span> <span class='ocrx_word' id='word_1_771' title='bbox 3585 4640 3685 4716; x_wconf 75' lang='grc' dir='ltr'><strong>γὰρ</strong></span> <span class='ocrx_word' id='word_1_772' title='bbox 3727 4639 3826 4702; x_wconf 78' lang='grc' dir='ltr'><strong>τας</strong></span> 
     </span>
    </p>
   </div>
   <div class='ocr_carea' id='block_1_109' title="bbox 2181 4723 3830 4807">
    <p class='ocr_par' dir='ltr' id='par_1_109' title="bbox 2181 4723 3830 4807">
     <span class='ocr_line' id='line_1_110' title="bbox 2181 4723 3830 4807; baseline -0.001 -28"><span class='ocrx_word' id='word_1_773' title='bbox 2181 4725 2358 4802; x_wconf 66' lang='grc' dir='ltr'>χήρας</span> <span class='ocrx_word' id='word_1_774' title='bbox 2398 4723 2572 4781; x_wconf 77' lang='grc' dir='ltr'>ἐλεεῖν</span> <span class='ocrx_word' id='word_1_775' title='bbox 2605 4741 2619 4755; x_wconf 81' lang='grc'><strong>⁸</strong></span> <span class='ocrx_word' id='word_1_776' title='bbox 2655 4730 2709 4782; x_wconf 72' lang='grc' dir='ltr'><strong>οἳ</strong></span> <span class='ocrx_word' id='word_1_777' title='bbox 2743 4724 2797 4782; x_wconf 80' lang='grc' dir='ltr'>δὲ</span> <span class='ocrx_word' id='word_1_778' title='bbox 2828 4728 3161 4807; x_wconf 72' lang='grc' dir='ltr'>εἰσέρχονται</span> <span class='ocrx_word' id='word_1_779' title='bbox 3193 4728 3263 4791; x_wconf 80' lang='grc' dir='ltr'>εἰς</span> <span class='ocrx_word' id='word_1_780' title='bbox 3296 4729 3389 4790; x_wconf 81' lang='grc' dir='ltr'><strong>τὰς</strong></span> <span class='ocrx_word' id='word_1_781' title='bbox 3432 4729 3595 4790; x_wconf 84' lang='grc' dir='ltr'>οἱκίας</span> <span class='ocrx_word' id='word_1_782' title='bbox 3631 4730 3830 4799; x_wconf 69' lang='grc' dir='ltr'>αὐτῶν,</span> 
     </span>
    </p>
   </div>
   <div class='ocr_carea' id='block_1_110' title="bbox 2178 4811 3834 4895">
    <p class='ocr_par' dir='ltr' id='par_1_110' title="bbox 2178 4811 3834 4895">
     <span class='ocr_line' id='line_1_111' title="bbox 2178 4811 3834 4895; baseline 0.001 -26"><span class='ocrx_word' id='word_1_783' title='bbox 2178 4815 2250 4875; x_wconf 86' lang='grc' dir='ltr'><strong>ὡς</strong></span> <span class='ocrx_word' id='word_1_784' title='bbox 2307 4811 2459 4880; x_wconf 79' lang='grc' dir='ltr'>δῆθεν</span> <span class='ocrx_word' id='word_1_785' title='bbox 2518 4812 2601 4870; x_wconf 82' lang='grc' dir='ltr'><strong>διὰ</strong></span> <span class='ocrx_word' id='word_1_786' title='bbox 2649 4817 2755 4872; x_wconf 79' lang='grc' dir='ltr'><strong>τῶν</strong></span> <span class='ocrx_word' id='word_1_787' title='bbox 2800 4818 3017 4895; x_wconf 79' lang='grc' dir='ltr'>μακρῶν</span> <span class='ocrx_word' id='word_1_788' title='bbox 3074 4818 3251 4895; x_wconf 73' lang='grc' dir='ltr'>εὐχῶν</span> <span class='ocrx_word' id='word_1_789' title='bbox 3309 4816 3712 4894; x_wconf 72' lang='grc' dir='ltr'>εὖλογήσοντες·</span> <span class='ocrx_word' id='word_1_790' title='bbox 3776 4820 3834 4871; x_wconf 76' lang='grc' dir='ltr'>αἱ</span> 
     </span>
    </p>
   </div>
   <div class='ocr_carea' id='block_1_111' title="bbox 2176 4900 3828 4984">
    <p class='ocr_par' dir='ltr' id='par_1_111' title="bbox 2176 4900 3828 4984">
     <span class='ocr_line' id='line_1_112' title="bbox 2176 4900 3828 4984; baseline 0.003 -28"><span class='ocrx_word' id='word_1_791' title='bbox 2176 4900 2230 4956; x_wconf 81' lang='grc' dir='ltr'>δὲ</span> <span class='ocrx_word' id='word_1_792' title='bbox 2288 4903 2672 4981; x_wconf 79' lang='grc' dir='ltr'>ἀναγκάζονται</span> <span class='ocrx_word' id='word_1_793' title='bbox 2734 4904 3032 4962; x_wconf 80' lang='grc' dir='ltr'>ἀναλίσκειν</span> <span class='ocrx_word' id='word_1_794' title='bbox 3089 4905 3171 4960; x_wconf 78' lang='grc' dir='ltr'>ἰπὶ</span> <span class='ocrx_word' id='word_1_795' title='bbox 3229 4910 3297 4981; x_wconf 75' lang='grc' dir='ltr'><strong>τῇ</strong></span> <span class='ocrx_word' id='word_1_796' title='bbox 3326 4905 3581 4984; x_wconf 75' lang='grc' dir='ltr'>παρουσίᾳ</span> <span class='ocrx_word' id='word_1_797' title='bbox 3626 4912 3828 4979; x_wconf 82' lang='grc' dir='ltr'>α.τιῖ›ν,</span> 
     </span>
    </p>
   </div>
   <div class='ocr_carea' id='block_1_112' title="bbox 2174 4990 2900 5055">
    <p class='ocr_par' dir='ltr' id='par_1_112' title="bbox 2174 4990 2900 5055">
     <span class='ocr_line' id='line_1_113' title="bbox 2174 4990 2900 5055; baseline 0.008 -10"><span class='ocrx_word' id='word_1_798' title='bbox 2174 4992 2253 5047; x_wconf 86' lang='grc' dir='ltr'><strong>κοὶ</strong></span> <span class='ocrx_word' id='word_1_799' title='bbox 2284 4991 2450 5055; x_wconf 73' lang='grc' dir='ltr'>οὕτως</span> <span class='ocrx_word' id='word_1_800' title='bbox 2477 4990 2900 5053; x_wconf 66' lang='grc' dir='ltr'>ὶκδαπανῶνται.</span> 
     </span>
    </p>
   </div>
   <div class='ocr_carea' id='block_1_113' title="bbox 2788 5077 3212 5147">
    <p class='ocr_par' dir='ltr' id='par_1_113' title="bbox 2788 5077 3212 5147">
     <span class='ocr_line' id='line_1_114' title="bbox 2788 5077 3212 5147; baseline 0.007 -4"><span class='ocrx_word' id='word_1_801' title='bbox 2788 5077 3212 5147; x_wconf 56' lang='grc' dir='ltr'><strong>ΚΕΦΑΛ.ΚΑᾌ</strong></span> 
     </span>
    </p>
   </div>
   <div class='ocr_carea' id='block_1_114' title="bbox 2171 5177 3821 5258">
    <p class='ocr_par' dir='ltr' id='par_1_114' title="bbox 2171 5177 3821 5258">
     <span class='ocr_line' id='line_1_115' title="bbox 2171 5177 3821 5258; baseline 0.002 -23"><span class='ocrx_word' id='word_1_802' title='bbox 2171 5180 2293 5258; x_wconf 87' lang='grc' dir='ltr'>Περὶ</span> <span class='ocrx_word' id='word_1_803' title='bbox 2374 5182 2473 5258; x_wconf 68' lang='grc' dir='ltr'>τῆς</span> <span class='ocrx_word' id='word_1_804' title='bbox 2553 5179 2621 5235; x_wconf 75' lang='grc' dir='ltr'><strong>τὰ</strong></span> <span class='ocrx_word' id='word_1_805' title='bbox 2676 5177 2763 5238; x_wconf 83' lang='grc' dir='ltr'><strong>δύο</strong></span> <span class='ocrx_word' id='word_1_806' title='bbox 2839 5178 3008 5235; x_wconf 79' lang='grc' dir='ltr'>λεπτὰ</span> <span class='ocrx_word' id='word_1_807' title='bbox 3059 5181 3327 5257; x_wconf 83' lang='grc' dir='ltr'>βαλούσης</span> <span class='ocrx_word' id='word_1_808' title='bbox 3400 5184 3598 5258; x_wconf 80' lang='grc' dir='ltr'>χήρας.</span> <span class='ocrx_word' id='word_1_809' title='bbox 3696 5184 3821 5258; x_wconf 72' lang='grc' dir='ltr'>ῌερὶ</span> 
     </span>
    </p>
   </div>
   <div class='ocr_carea' id='block_1_115' title="bbox 2248 5254 3814 5342">
    <p class='ocr_par' dir='ltr' id='par_1_115' title="bbox 2248 5254 3814 5342">
     <span class='ocr_line' id='line_1_116' title="bbox 2248 5254 3814 5342; baseline 0.002 -29"><span class='ocrx_word' id='word_1_810' title='bbox 2248 5254 2544 5342; x_wconf 76' lang='grc' dir='ltr'>συντελείας</span> <span class='ocrx_word' id='word_1_811' title='bbox 2598 5259 2949 5342; x_wconf 77' lang='grc' dir='ltr'>ἐπερώτησις.</span> <span class='ocrx_word' id='word_1_812' title='bbox 3041 5254 3162 5342; x_wconf 47' lang='grc' dir='ltr'>[ξερὶ</span> <span class='ocrx_word' id='word_1_813' title='bbox 3245 5259 3341 5327; x_wconf 79' lang='grc' dir='ltr'>τῆς</span> <span class='ocrx_word' id='word_1_814' title='bbox 3398 5254 3650 5323; x_wconf 56' lang='lat' dir='ltr'><strong>abusum</strong></span> <span class='ocrx_word' id='word_1_815' title='bbox 3710 5254 3814 5318; x_wconf 72' lang='grc' dir='ltr'><strong>Ἰε-</strong></span> 
     </span>
    </p>
   </div>
   <div class='ocr_carea' id='block_1_116' title="bbox 2247 5335 3818 5421">
    <p class='ocr_par' dir='ltr' id='par_1_116' title="bbox 2247 5335 3818 5421">
     <span class='ocr_line' id='line_1_117' title="bbox 2247 5335 3818 5421; baseline 0.001 -26"><span class='ocrx_word' id='word_1_816' title='bbox 2247 5335 2569 5421; x_wconf 62' lang='grc' dir='ltr'>ρουσαλὴυ,</span> <span class='ocrx_word' id='word_1_817' title='bbox 2606 5335 2707 5397; x_wconf 64' lang='grc' dir='ltr'>καῖ</span> <span class='ocrx_word' id='word_1_818' title='bbox 2750 5341 2832 5397; x_wconf 82' lang='grc' dir='ltr'>ὅτι</span> <span class='ocrx_word' id='word_1_819' title='bbox 2910 5335 3185 5421; x_wconf 40' lang='grc' dir='ltr'>ὁ-Κύρίος</span> <span class='ocrx_word' id='word_1_820' title='bbox 3241 5355 3469 5419; x_wconf 77' lang='grc' dir='ltr'>προεῖπε</span> <span class='ocrx_word' id='word_1_821' title='bbox 3527 5356 3644 5400; x_wconf 77' lang='grc' dir='ltr'>τοῖς</span> <span class='ocrx_word' id='word_1_822' title='bbox 3701 5350 3818 5417; x_wconf 75' lang='grc' dir='ltr'>μα-</span> 
     </span>
    </p>
   </div>
   <div class='ocr_carea' id='block_1_117' title="bbox 2246 5418 3823 5501">
    <p class='ocr_par' dir='ltr' id='par_1_117' title="bbox 2246 5418 3823 5501">
     <span class='ocr_line' id='line_1_118' title="bbox 2246 5418 3823 5501; baseline 0.003 -26"><span class='ocrx_word' id='word_1_823' title='bbox 2246 5422 2437 5501; x_wconf 81' lang='grc' dir='ltr'>θηταῖς</span> <span class='ocrx_word' id='word_1_824' title='bbox 2520 5418 2619 5486; x_wconf 77' lang='grc' dir='ltr'><strong>τήν</strong></span> <span class='ocrx_word' id='word_1_825' title='bbox 2705 5422 2870 5487; x_wconf 77' lang='grc' dir='ltr'>αὐτῆς</span> <span class='ocrx_word' id='word_1_826' title='bbox 2958 5418 3248 5499; x_wconf 72' lang='grc' dir='ltr'>ἐρήμωσιν,</span> <span class='ocrx_word' id='word_1_827' title='bbox 3327 5423 3451 5501; x_wconf 77' lang='grc' dir='ltr'>Περὶ</span> <span class='ocrx_word' id='word_1_828' title='bbox 3524 5426 3630 5475; x_wconf 80' lang='grc' dir='ltr'>τῶν</span> <span class='ocrx_word' id='word_1_829' title='bbox 3710 5444 3823 5489; x_wconf 85' lang='grc' dir='ltr'>ση-</span> 
     </span>
    </p>
   </div>
   <div class='ocr_carea' id='block_1_118' title="bbox 2244 5500 2430 5575">
    <p class='ocr_par' dir='ltr' id='par_1_118' title="bbox 2244 5500 2430 5575">
     <span class='ocr_line' id='line_1_119' title="bbox 2244 5500 2430 5575; baseline -0.022 -20"><span class='ocrx_word' id='word_1_830' title='bbox 2244 5500 2430 5575; x_wconf 82' lang='grc' dir='ltr'>μείων,</span> 
     </span>
    </p>
   </div>
   <div class='ocr_carea' id='block_1_119' title="bbox 2245 5589 3828 5674">
    <p class='ocr_par' dir='ltr' id='par_1_119' title="bbox 2245 5589 3828 5674">
     <span class='ocr_line' id='line_1_120' title="bbox 2245 5589 3828 5674; baseline 0.002 -24"><span class='ocrx_word' id='word_1_831' title='bbox 2245 5589 2577 5668; x_wconf 76' lang='grc' dir='ltr'>Ἀναϐλέψας</span> <span class='ocrx_word' id='word_1_832' title='bbox 2628 5592 2684 5649; x_wconf 78' lang='grc' dir='ltr'>δὲ</span> <span class='ocrx_word' id='word_1_833' title='bbox 2740 5592 2855 5651; x_wconf 77' lang='grc' dir='ltr'>εἶδε</span> <span class='ocrx_word' id='word_1_834' title='bbox 2912 5596 3030 5661; x_wconf 82' lang='grc' dir='ltr'>τοὺς</span> <span class='ocrx_word' id='word_1_835' title='bbox 3057 5591 3349 5671; x_wconf 83' lang='grc' dir='ltr'>βάλλοντας</span> <span class='ocrx_word' id='word_1_836' title='bbox 3380 5595 3447 5653; x_wconf 79' lang='grc' dir='ltr'>τὰ</span> <span class='ocrx_word' id='word_1_837' title='bbox 3476 5592 3617 5674; x_wconf 83' lang='grc' dir='ltr'>δῶρα</span> <span class='ocrx_word' id='word_1_838' title='bbox 3648 5597 3828 5653; x_wconf 72' lang='grc' dir='ltr'>αὖτῶν</span> 
     </span>
    </p>
   </div>
   <div class='ocr_carea' id='block_1_120' title="bbox 2166 5680 3826 5769">
    <p class='ocr_par' dir='ltr' id='par_1_120' title="bbox 2166 5680 3826 5769">
     <span class='ocr_line' id='line_1_121' title="bbox 2166 5680 3826 5769; baseline 0.002 -29"><span class='ocrx_word' id='word_1_839' title='bbox 2166 5684 2239 5746; x_wconf 76' lang='grc' dir='ltr'>εἰς</span> <span class='ocrx_word' id='word_1_840' title='bbox 2288 5683 2348 5739; x_wconf 80' lang='grc' dir='ltr'>τὸ</span> <span class='ocrx_word' id='word_1_841' title='bbox 2391 5680 2781 5762; x_wconf 77' lang='grc' dir='ltr'>γαζοφυλάκιον</span> <span class='ocrx_word' id='word_1_842' title='bbox 2838 5682 3145 5752; x_wconf 83' lang='grc' dir='ltr'>πλουσίους.</span> <span class='ocrx_word' id='word_1_843' title='bbox 3180 5682 3307 5744; x_wconf 69' lang='grc' dir='ltr'>Εἴδε</span> <span class='ocrx_word' id='word_1_844' title='bbox 3336 5681 3391 5741; x_wconf 72' lang='grc' dir='ltr'><strong>δί</strong></span> <span class='ocrx_word' id='word_1_845' title='bbox 3437 5686 3524 5742; x_wconf 86' lang='grc' dir='ltr'><strong>καί</strong></span> <span class='ocrx_word' id='word_1_846' title='bbox 3553 5709 3671 5743; x_wconf 89' lang='grc' dir='ltr'>τινα</span> <span class='ocrx_word' id='word_1_847' title='bbox 3702 5689 3826 5769; x_wconf 71' lang='grc' dir='ltr'><strong>χή-</strong></span> 
     </span>
    </p>
   </div>
  </div>
