4140 6280
322 377 481 442 1049

1056 380 1502 441 ΕΝΑΒΠΛΤΙΟ
1547 381 1627 441 ΙΝ
1677 380 1958 441 EVANGI

2045 381 2177 440 [CM
2233 381 2468 441 LUC/E.
2516 414 2557 420 κ
2624 380 2785 439 CAP.
2841 378 3001 439 XXI.

3542 372 3564 428 1
3580 367 3699 432 050

312 535 416 591 ραν
476 514 738 592 πενιχρὰν
789 511 1086 588 βαλλουσαν
1138 513 1254 570 ἐκεῖ
1307 512 1395 570 δύο
1424 515 1613 576 λεπτά.
1652 516 1747 572 Καὶ
1781 514 1958 569 εἶπεν·

2045 520 2246 572 autem
2280 518 2336 571 et
2365 509 2677 590 quamdam
2712 509 2944 570 viduam
2991 505 3412 587 pauperculam
3447 501 3693 592 mitten-

312 601 565 668 Ἀληθῶς
636 599 778 678 λέγω
824 602 979 676 ὑμῖν,
1040 600 1210 682 ὅτι,μὴ
1284 602 1431 682 χὴρα
1488 606 1522 671 ἡ
1581 604 1779 681 πτωχὴ
1830 601 1962 667 αὕτη

310 688 514 745 πλεῖον
582 689 795 745 πάντων
853 687 1059 752 ἔϐαλεν,
1122 680 1399 753 ΗΑπαντες
1450 692 1549 770 γάρ
1599 680 1739 747 οὗτοι
1784 691 1840 746 ἐγ
1874 697 1965 746 τοῦ

312 778 721 849 περισσεύοντος
795 782 978 841 αὒτοῖς
1036 776 1223 834 ἔϐαλον
1281 780 1353 842 εἷς
1386 780 1450 835 τὰ
1504 777 1643 857 δῶρα
1684 786 1776 835 τοῦ
1807 786 1958 849 Θεοῦ,

311 866 454 932 αὕτη
510 865 563 921 δὲ
621 866 680 921 ἐκ
736 874 828 923 τοῦ
856 868 1214 943 ὅστερήματος
1248 872 1411 934 αὒτῆς
1454 868 1660 925 ἅπαντα
1691 871 1779 924 τὸν
1823 869 1957 944 βίον,

311 953 379 1037 ἕν
435 956 595 1034 εἶχεν
668 952 875 1015 ἔϐαλεν.
916 978 939 1012 ο
979 956 1143 1026 Γάζαν
1175 958 1263 1011 τὸν
1295 960 1557 1035 θησαυρόν
1602 980 1758 1037 φασιν
1792 958 1959 1018 εἶναι.

311 1029 416 1097 Ἠν
469 1045 557 1096 οὗν
612 1044 749 1119 ἱερὸς
812 1043 1072 1119 θησαυρὸς
1143 1043 1249 1099 ἀπὸ
1278 1043 1533 1123 φιλοθέων
1568 1045 1959 1124 ἐρανιζόμενος,

309 1130 366 1203 ᾧ
420 1129 659 1210 ἐχρῶντο
732 1132 802 1191 εἷς
846 1133 1211 1211 περιποίησιν,
1241 1136 1328 1189 καὶ
1370 1136 1652 1202 ἓπισκευὴν
1682 1138 1773 1191 τοῦ
1801 1138 1957 1211 ἱεροῦ,

308 1220 407 1274 καὶ
466 1218 647 1283 ἁπλῶς
695 1221 768 1283 εἷς
824 1220 1024 1294 κόσμον
1069 1228 1160 1276 τοῦ
1222 1228 1368 1289 ναοῦ,
1415 1224 1509 1277 καὶ
1553 1225 1794 1295 πενήτων
1845 1221 1962 1282 δια-

309 1309 537 1387 τροφὰς,
611 1307 709 1364 κᾶν
763 1307 977 1387 ὕστερον
1047 1311 1134 1365 καὶ
1164 1317 1316 1366 τοῦτο
1346 1311 1677 1380 ἓκαπγςλευον
1709 1315 1754 1369 οἱ
1774 1316 1958 1391 ἱερεῖς,

308 1395 689 1472 διανεμόμενοι
732 1400 843 1454 Δτὸν
910 1400 1191 1477 θησαυρὸν,
1253 1398 1389 1456 ἀλλά
1419 1402 1497 1475 μὴ
1527 1403 1657 1480 πρὸς
1703 1401 1735 1457 ἄ
1766 1402 1816 1466 ἐξ
1861 1404 1959 1480 ἀρ-

307 1492 428 1567 χῆς
489 1488 781 1567 ἀφώριστο,
838 1489 1007 1560 τούτῳ
1080 1490 1375 1568 χρώμενοι.
1471 1489 1715 1548 Ἐπαινεῖ
1788 1492 1957 1547 τοίνυν

308 1576 462 1652 παρά
515 1576 716 1640 πάντας
765 1577 884 1638 τοὺς
949 1575 1139 1641 ἄλλους
1196 1579 1295 1645 τὴν
1352 1580 1528 1658 χήραν
1560 1582 1587 1636 6
1630 1582 1838 1659 Κύριος,
1885 1583 1955 1639 ὡς

2050 612 2166 660 tem
2193 600 2333 661 illuc
2354 619 2473 661 aera
2501 600 2721 660 minuta
2743 600 2951 665 duoet
2984 598 3149 658 dixit:
3185 594 3337 656 Vere
3370 592 3504 653 dico
3528 613 3545 643 ι
3565 591 3696 651 obis

2046 690 2201 769 quod
2246 689 2383 749 458
2426 690 2597 749 vidua
2654 690 2777 749 haec
2833 705 3057 768 pauper
3116 686 3246 765 plus
3276 701 3448 763 quam
3487 699 3695 769 omnes

2046 768 2222 840 misit.
2260 781 2401 840 Nam
2449 797 2656 840 omnes
2689 779 2746 839 hi
2778 797 2847 838 ex
2880 796 2948 837 eo
2988 776 3140 856 quod
3194 774 3338 853 ipsis
3386 768 3690 843 exuberat,

2045 867 2334 927 miserunt
2360 869 2418 928 in
2454 885 2697 927 munera
2716 865 2977 939 Dei,hmc
3003 872 3199 924 autem
3223 881 3289 923 ex
3316 857 3562 940 penuria
3586 877 3694 918 sua

2046 957 2379 1017 universam
2408 955 2793 1017 substantiam
2816 973 2988 1034 quam
3016 950 3480 1021 habebat,misit.
3510 971 3537 1001 ι)
3573 948 3693 1009 Ga-

2045 1062 2171 1104 zam
2193 1046 2536 1106 thesaurum
2560 1045 2785 1105 dicunt.
2810 1044 2950 1105 Erat
2970 1042 3164 1120 itaque
3189 1056 3357 1100 sacer
3380 1039 3693 1097 thesaurus

2046 1153 2222 1212 quem
2245 1134 2324 1214 pii
2346 1133 2815 1207 contribuerant,
2845 1151 2958 1212 quo
2992 1129 3311 1191 utebantur
3335 1127 3406 1187 ad
3439 1142 3691 1204 appara-

2051 1223 2270 1283 tionem
2297 1233 2354 1284 et
2386 1222 2720 1283 necessaria
2749 1219 3116 1292 sacriﬁcii,et
3142 1218 3210 1279 ad
3248 1225 3515 1277 ornatum
3538 1223 3692 1273 tem-

2049 1310 2481 1392 pli,pauperum
2493 1331 2604 1391 que
2616 1307 3258 1388 alimoniamzquamvis
3274 1306 3416 1366 etde
3439 1303 3546 1392 hoc
3563 1319 3688 1380 pos-

2045 1408 2136 1459 tea
2188 1391 2641 1478 negotiationem
2697 1400 2967 1459 fecerunt
3009 1395 3367 1468 sacerdotes,
3401 1391 3691 1452 distribu-

2041 1495 2208 1548 eules
2231 1489 2572 1549 thesaurum
2600 1507 2717 1548 non
2747 1488 2802 1547 in
2830 1506 2896 1546 ea
2917 1486 2989 1547 ad
3016 1503 3144 1565 quae
3166 1482 3537 1545 contributus
3558 1479 3692 1538 fue-

2040 1576 2383 1638 rat.Laudat
2428 1578 2609 1655 igitur
2646 1576 2931 1636 Dominus
2969 1575 3200 1633 viduam
3246 1588 3426 1650 supra
3455 1585 3687 1639 omnes,

310 1665 382 1720 ἐκ
445 1672 537 1721 τοῦ
589 1666 953 1744 ὑστερήματος
1012 1666 1175 1733 αὐτῆς
1230 1655 1491 1741 βαλονῧσαν
1550 1667 1670 1724 ὅλον
1700 1655 1789 1724 τὸν
1847 1669 1956 1744 βίον

2045 1665 2197 1744 quod
2219 1682 2288 1728 ex
2312 1666 2562 1744 penuria
2586 1684 2689 1725 sua
2710 1672 2885 1724 totam
2914 1681 3081 1722 Suam
3106 1660 3489 1721 substantiam
3510 1655 3685 1716 dede-

308 1757 502 1819 αὐτῆς.
561 1755 621 1811 Οἱ
676 1756 776 1831 γὰρ
835 1752 921 1809 δύο
990 1751 1188 1829 ὀϐολοὶ,
1250 1756 1294 1810 εὶ
1338 1757 1425 1812 καὶ
1468 1759 1643 1837 μικροὶ
1694 1756 1955 1829 δοκοῦσιν,

2045 1757 2311 1817 rat.Nam
2339 1756 2397 1815 hi
2418 1756 2532 1815 duo
2552 1754 2708 1814 oboli
2729 1753 2837 1813 etsi
2854 1752 3011 1832 parvi
3042 1750 3684 1837 videbantur,altamen

306 1840 437 1898 ἀλλ’
507 1842 596 1898 οὖν
652 1842 774 1905 ὅλος
830 1845 857 1898 6
886 1843 994 1917 βίος
1066 1850 1132 1915 τῇ
1160 1842 1218 1898 ὲιι
1259 1852 1353 1900 τοῦ
1395 1835 1701 1922 προσαιτεῖν
1747 1845 1947 1923 διατρε-

2045 1850 2191 1905 totus
2243 1843 2428 1905 victus
2475 1864 2541 1903 ex
2590 1840 3054 1903 mendicimonio
3094 1848 3241 1900 erat.
3277 1836 3467 1899 Vidua
3529 1835 3685 1894 enim

308 1929 524 2011 φομένῃ
582 1932 698 1986 εἷσί’
759 1932 905 2010 χήρα
935 1934 1033 2008 γὰρ
1061 1931 1125 1999 ἦν
1170 1934 1418 2012 πενιχρά,
1455 1936 1561 1990 Οὔκ
1591 1936 1660 1999 εἰς
1703 1936 1764 1990 τὸ
1813 1933 1954 1990 διδό-

308 2034 477 2094 μενον
532 2022 619 2075 οὗν
682 2019 890 2099 ἀφορῶν
922 2022 949 2075 6
1018 2018 1234 2097 Κύριος,
1268 2019 1549 2078 ἀποδίδωσι
1582 2024 1673 2087 τὰς
1705 2021 1953 2102 ἀμοιϐὰς,

308 2106 438 2164 ἀλλ’
469 2110 541 2172 εἰς
571 2110 631 2165 τὸ
660 2108 999 2184 λειπόμενον.
1035 2117 1163 2173 Τοῡς
1209 2110 1305 2186 μέν
1335 2114 1422 2166 οὗν
1465 2111 1741 2176 πλουσίοις
1793 2112 1959 2168 πλείω

307 2197 690 2255 κατελείποντο
746 2199 800 2254 ἐν
847 2211 966 2261 τοῖς
1025 2196 1221 2272 οἴκοις,
1295 2198 1449 2277 ὀλίγα
1477 2203 1565 2257 καὶ
1594 2203 1755 2281 μικρά
1785 2225 1958 2281 προσ-

310 2294 611 2365 ενεγκοῦσι,
673 2292 751 2365 Τῇ
809 2286 863 2343 δὲ
892 2288 1072 2344 ἅπασα
1128 2290 1162 2355 ἡ
1221 2289 1359 2345 οἰκία
1426 2290 1713 2371 κεκένωτο,
1746 2293 1833 2348 καὶ
1862 2296 1958 2350 οὒ-

309 2375 402 2431 δέν
483 2375 793 2456 ὑπελείφθη,
871 2378 1098 2439 Εἰκοτως
1152 2377 1240 2433 οὖν
1326 2379 1413 2434 καὶ
1488 2378 1959 2457 ἀξιεπαινετωτέρα

310 2465 551 2527 ἐκείνων.
624 2464 885 2531 Ἐνόησαν
932 2463 986 2520 δέ
1056 2486 1193 2529 τινες
1253 2467 1431 2544 χήραν
1461 2464 1701 2524 δύνασθαι
1755 2469 1963 2548 ἒκληφ-

308 2555 470 2622 θῆναι
541 2561 711 2610 πᾶσαν
743 2555 928 2631 ψυχὴν
966 2556 1057 2609 τὸν
1089 2553 1340 2633 πρότερον
1384 2552 1563 2635 ἄνδρα,
1611 2558 1701 2613 τὸν
1734 2558 1962 2614 παλαιὸν

312 2644 482 2717 νόμον
540 2639 932 2716 ἀποϐαλοῦσαν,
994 2642 1140 2698 οὕπω
1185 2641 1237 2697 δὲ
1264 2648 1361 2710 τῆς
1393 2646 1523 2723 πρὸς
1554 2647 1644 2700 τὸν
1695 2648 1822 2702 Θεὸν
1852 2647 1962 2703 Λό-

313 2755 414 2809 γον
467 2731 743 2810 συναφείας
794 2730 959 2795 ἀξίαν·
1022 2734 1108 2787 καὶ
1154 2733 1351 2799 ταύτην
1423 2734 1591 2811 προσά
1608 2756 1709 2811 3ειν
1804 2734 1966 2813 ἀῤῥα-

314 2819 488 2884 ϐὦνος
548 2819 691 2898 λόγῳ
746 2821 844 2887 τὴν
913 2818 1116 2888 λεπτὴν
1170 2823 1255 2877 καὶ
1287 2821 1419 2886 τέως
1492 2823 1787 2901 σύμμετρον
1832 2824 1965 2900 αὐτῇ

312 2911 494 2966 πίστιν
540 2910 627 2965 καὶ
697 2909 895 2987 ἀγαθὴν
954 2908 1268 2976 συνείδησιν,
1348 2920 1444 2967 Δεῖ
1501 2913 1600 2990 γὰρ
1685 2913 1817 2987 μετά
1864 2916 1962 2980 τῆς

313 3000 546 3061 πίστεως
598 3000 686 3054 καὶ
769 2997 971 3075 ἀγαθὴν
1002 2997 1293 3065 συνείδησιν
1362 2998 1479 3066 ἤτοι
1525 3001 1638 3075 βίον
1668 2999 1963 3079 ἀδιάστρο-

314 3110 415 3168 φον
474 3087 737 3166 φέρεσθαι,
796 3088 881 3142 καὶ
930 3088 973 3142 εἰ
1004 3086 1141 3143 οὕτω
1174 3087 1288 3164 (10)
1317 3088 1670 3168 προσέρχεταί
1697 3111 1773 3150 τις
1823 3095 1958 3164 Θεῷ,

314 3177 482 3252 μείζω
545 3176 758 3232 πάντων
813 3174 999 3252 βαλεῖν
1051 3174 1198 3233 δοκεῖ
1252 3178 1357 3234 τῶν
1392 3178 1445 3233 ἐν
1496 3178 1641 3256 λόγῳ
1673 3177 1934 3237 πλουσίων

312 3266 403 3321 καὶ
432 3267 647 3335 ἠθικαῖς
679 3264 990 3332 ἐλληνικαϊς
1023 3269 1298 3339 περιττῶν.

406 3378 427 3410 ι
508 3358 605 3411 Καὶ
661 3378 819 3411 τινων
876 3352 1137 3433 λεγόντων
1195 3358 1311 3433 περὶ
1343 3358 1620 3433 τοῦἱεροῦ,
1669 3355 1749 3412 ὅτι
1795 3354 1957 3421 λίθοις

312 3443 506 3506 καλοῖς
553 3445 640 3500 καὶ
696 3444 997 3519 ἀναθήμασι
1057 3444 1410 3521 κεκόσμηται,
1488 3444 1635 3500 εἶπε⁶
1698 3452 1872 3503 Ταῦτα
1928 3444 1959 3500 ἅ

312 3538 588 3611 θεωρεῖτε,
662 3531 959 3589 ὲλεύσονταὶ
1027 3531 1245 3609 ἡμέραι,
1291 3532 1343 3588 έν
1375 3537 1466 3596 αἷς
1511 3533 1604 3589 οὐκ
1643 3533 1959 3614 ἀφεθήσεται

314 3622 458 3684 λίθος
509 3620 593 3677 ἰπὶ
655 3620 801 3695 λίθῳ,
873 3621 928 3683 ὅς
983 3622 1042 3675 οὒ
1091 3621 1532 3691 καταλυθήσεται.
1571 3619 1959 3699 Ἐπηρώτησαν

314 3709 372 3766 δὲ
402 3710 581 3785 αὐτὸν,
630 3709 897 3789 λέγοντες”
936 3709 1250 3784 Διδάσκαλε,
1300 3711 1427 3767 πότε
1473 3711 1560 3768 οὖν
1591 3718 1753 3767 ταῦτα
1784 3710 1958 3785 ἕσταις

314 3801 403 3855 καὶ
456 3799 507 3854 τί
548 3802 609 3854 τὸ
652 3814 907 3874 σημεῖον,
965 3799 1089 3855 ὅταν
1163 3799 1334 3875 μέλλῃ
1392 3810 1553 3858 ταῦτα
1582 3800 1812 3877 γίνεσθαι
1848 3820 1865 3880 ς
1903 3793 1959 3857 Ὀ

312 3886 370 3943 δὲ
442 3889 589 3945 εἷπε·
652 3886 880 3944 Βλέπετε
949 3889 1025 3962 μὴ
1058 3888 1383 3955 πλανηθῆτε,
1434 3888 1625 3945 Πολλοὶ
1675 3891 1772 3967 γὰρ
1802 3888 1959 3945 ἐλεύ-

312 4000 493 4034 σονται
553 3977 638 4033 ἐπὶ
695 3985 771 4050 τῷ
818 3977 1037 4051 ὀνόματί
1095 4000 1198 4051 μου
1227 3976 1500 4055 λέγοντες,
1532 3977 1613 4034 ὅτι
1652 3977 1793 4056 Ἐγὼ
1823 3980 1951 4053 εἶμι,

309 4067 402 4122 καὶ
457 4068 484 4121 6
539 4067 721 4144 καιρὸς
784 4066 995 4144 ἣγγικε·
1070 4068 1148 4141 μὴ
1205 4069 1290 4121 οὖν
1322 4072 1607 4143 πορευθῆτε
1655 4069 1825 4123 ὀπίσω
1856 4068 1953 4122 αὒ-

312 4159 442 4216 τῶν,
501 4144 675 4211 υΟτςιν
741 4152 795 4209 δὲ
848 4154 1109 4221 ἀκούσητε
1166 4155 1453 4228 πολέμους,
1500 4157 1584 4210 καὶ
1648 4155 1954 4210 ἀκαταστα-

309 4243 456 4321 σίας,
528 4244 605 4318 μὴ
652 4246 945 4310 πτοηθῆτε,
999 4254 1094 4299 Δεῖ
1129 4244 1224 4320 γὰρ
1252 4264 1415 4298 ταυτα
1448 4242 1689 4320 γενέσθαι
1725 4244 1955 4322 πρῶτον,

306 4329 430 4388 ἀλλ’
484 4336 576 4390 οὐκ
634 4331 820 4394 εὐθέως
852 4334 912 4387 τὸ
944 4331 1117 4395 τέλος.
1150 4333 1277 4389 Τότε
1316 4331 1492 4407 ἔλεγεν
1524 4335 1729 4394 αὐτοῖς·
1768 4331 1961 4410 Ἐγερ-

306 4424 526 4487 θήσεται
586 4420 726 4484 ἔθνος
786 4419 871 4475 ἐπὶ
952 4420 1114 4495 ἔθνος,
1178 4422 1263 4476 καὶ
1344 4420 1585 4496 βασιλεία
1659 4420 1745 4477 ἐπὶ
1799 4422 1959 4496 βασι-

1941 3226 1957 3258 ν

2042 1942 2163 1992 erat
2189 1950 2431 2011 pauper.
2466 1929 2668 2011 Ncque
2691 1934 2848 1990 enim
2870 1930 3152 1990 Dominus
3176 1926 3516 1987 mercedem
3541 1923 3683 1984 red-

2041 2022 2140 2080 det
2174 2022 2498 2099 reSpiciens
2528 2020 2597 2080 ad
2630 2021 2687 2080 id
2723 2018 2877 2099 quod
2914 2018 3102 2090 datur,
3150 2017 3255 2077 sed
3297 2016 3368 2075 ad
3418 2013 3475 2075 id
3531 2012 3686 2092 quod

2048 2108 2458 2187 deﬁcithitur
2495 2110 2659 2187 plura
2688 2107 2976 2168 divitesin
3012 2106 3287 2167 domibus
3324 2104 3687 2183 relinquunt,

2041 2216 2332 2277 parvaque
2363 2216 2430 2258 ac
2466 2217 2650 2278 pauca
2674 2198 2931 2257 olferunt
2955 2206 2967 2258 :
2995 2197 3116 2256 hanc
3135 2205 3331 2255 autem
3378 2202 3553 2253 totam
3581 2191 3689 2251 do-

2045 2306 2203 2347 mum
2236 2290 2555 2360 evacuavit,
2586 2286 2852 2365 nihilque
2883 2285 2993 2345 sibi
3015 2283 3494 2363 reliquitJllerito
3518 2281 3691 2358 igitur

2043 2375 2276 2454 dignior
2310 2385 2399 2437 est
2427 2395 2560 2456 quae
2591 2376 3069 2454 laudetur,quam
3124 2374 3232 2434 illi.
3269 2372 3691 2434 lntellexerunt

2048 2463 2287 2543 quidam
2320 2482 2553 2525 omnem
2580 2464 2835 2524 animam
2864 2463 3076 2542 exponi
3104 2480 3275 2542 posse
3308 2479 3411 2539 per
3438 2460 3690 2529 viduam,

2046 2572 2175 2632 quae
2196 2554 2395 2632 priore
2410 2554 2679 2633 viro,hoc
2703 2553 3006 2632 est,veleri
3032 2549 3689 2629 lcge,relicto,nondum

2047 2642 2249 2706 Verbo
2273 2642 2377 2703 Dei
2398 2642 2687 2722 copulata,
2716 2661 2870 2701 nunc
2896 2642 3008 2701 ista
3043 2660 3145 2719 pro
3180 2638 3513 2699 arrhabone
3545 2637 3692 2696 alle-

2048 2730 2347 2809 rat,ﬁdem
2383 2741 2620 2792 tenuem
2654 2750 2721 2791 ac
2755 2749 3014 2809 parvan,
3039 2740 3219 2808 etpro
3252 2746 3356 2787 sua
3389 2743 3685 2791 mensura.

2048 2819 2700 2897 conscientiampuram
2742 2818 2988 2892 habens,
3027 2826 3086 2876 ut
3109 2816 3459 2892 simpliciter
3488 2816 3544 2874 in
3581 2813 3695 2871 vita

2048 2915 2106 2966 et
2128 2906 2399 2967 doctrina
2430 2917 2709 2986 appareat
2737 2904 3224 2985 iuculpata.0pus
3256 2903 3418 2963 enim
3450 2910 3688 2963 estcum

2046 2994 2163 3054 ﬁde
2196 3002 2251 3053 et
2281 2993 2494 3055 bonan;
2528 2995 2981 3071 conscientiam,
3006 3012 3110 3053 seu
3144 2992 3313 3053 vitam
3343 2999 3563 3051 rectam
3598 2991 3690 3050 af-

2044 3082 2203 3143 ferre
2229 3082 2312 3163 (u)
2341 3091 2433 3144 :et
2456 3082 2504 3142 si
2536 3082 2620 3143 sic
2641 3082 3109 3161 accesseritquis
3137 3080 3208 3140 ad
3244 3078 3691 3157 Deum,videtur

1981 3178 2019 3226 C
2046 3172 2279 3232 mittere
2308 3175 2437 3252 plus
2468 3172 2877 3251 omnibus,qui
2911 3171 3245 3232 eruditione
3275 3178 3414 3229 sunt
3450 3168 3684 3244 divites,

2047 3269 2103 3321 et
2124 3261 2431 3339 gentilium
2467 3261 2776 3321 virtutibus
2802 3260 3123 3321 abundant.

2130 3348 2309 3411 Vsus.
2332 3350 2435 3410 5-1
2454 3351 2477 3408 1
2500 3400 2505 3405 .
2525 3352 2629 3410 «Et
2649 3351 2998 3429 quihusdam
3022 3347 3356 3408 dicentibus
3378 3345 3451 3407 de
3472 3346 3692 3425 templo

2045 3440 2198 3517 quod
2232 3439 2493 3516 pulchris
2524 3438 2821 3517 lapidibus
2866 3458 2934 3500 ac
2977 3438 3148 3498 donis
3191 3445 3460 3500 ornatum
3506 3445 3687 3508 esset,

2043 3526 2189 3586 dixit
2224 3548 2235 3588 :
2270 3529 2348 3587 Ex
2380 3527 2471 3587 bis
2497 3546 2627 3607 qua)
2658 3527 2892 3607 videtis,
2941 3527 3181 3587 venient
3228 3526 3357 3586 dies
3387 3525 3447 3584 iu
3477 3524 3692 3603 quibus

2047 3633 2163 3675 non
2195 3616 2566 3695 relinquetur
2588 3616 2733 3694 lapis
2754 3635 2938 3696 super
2956 3616 3215 3695 lapidem
3239 3614 3336 3695 qui
3358 3632 3473 3673 non
3496 3613 3694 3673 dirua-

2045 3705 2698 3782 tur.lnterrogaverunt
2724 3716 2918 3765 autem
2950 3706 3141 3783 illum,
3178 3704 3445 3763 dicentes
3480 3721 3494 3765 ;
3532 3704 3691 3763 l’rze-

2045 3803 2272 3873 ceptor,
2304 3798 2537 3874 quando
2567 3796 2689 3854 haic
2711 3800 2914 3855 erunt?
2936 3806 2991 3855 et
3014 3795 3171 3874 quod
3193 3795 3424 3869 signum
3457 3794 3692 3871 quando

2044 3884 2156 3944 ista
2180 3884 2373 3945 futura
2403 3884 2571 3944 sunt?
2607 3886 2681 3944 At
2724 3884 2821 3945 ille
2858 3885 3006 3945 dixit
3036 3905 3048 3946 :
3089 3884 3295 3943 Videte
3326 3901 3402 3944 ne
3434 3884 3692 3944 seducu-

2044 3972 2207 4034 mini.
2252 3972 2414 4033 Mulli
2462 3974 2617 4033 euim
2671 3973 2911 4033 venient
2959 3972 3067 4032 sub
3117 3972 3359 4033 nomine
3412 3991 3541 4034 meo
3592 3973 3691 4033 di-

2040 4070 2242 4131 centes
2278 4079 2291 4122 :
2326 4060 2468 4140 Ego,
2525 4073 2582 4121 et
2640 4068 2873 4140 tempus
2925 4061 3102 4121 instat
3158 4079 3170 4123 :
3229 4081 3300 4121 ne
3354 4062 3532 4137 igitur
3587 4079 3690 4121 se-

2039 4149 2303 4228 quamini
2324 4149 2781 4211 illos.Czeterum
2806 4168 2937 4209 cum
2953 4150 3263 4210 audieritis
3288 4149 3441 4209 bella
3460 4158 3514 4208 et
3538 4151 3689 4208 sedi-

2045 4237 2450 4309 tiones,nolite
2484 4238 2973 4317 terreri.0portet
2997 4238 3153 4298 euim
3188 4238 3354 4311 prius
3388 4239 3510 4298 haec
3532 4237 3686 4310 lieri,

2044 4327 2145 4386 sed
2182 4344 2295 4386 non
2330 4326 2525 4387 statim
2558 4326 2715 4387 ﬁnis.
2750 4326 2919 4391 Tune
2955 4326 3191 4387 dicebat
3227 4326 3377 4386 illis:
3416 4325 3694 4404 lusurget

2043 4434 2188 4494 gens
2209 4425 2414 4475 contra
2438 4424 2699 4493 gentem,
2731 4425 2786 4475 et
2816 4415 3379 4494 regnum-adversus
3412 4434 3684 4493 regnum,

309 4508 478 4583 λείαν,
531 4510 737 4583 σεισμοί
794 4531 851 4566 τε
922 4510 1149 4586 μεγάλοι
1210 4512 1344 4565 κατα
1388 4510 1604 4588 τόπους,
1656 4512 1744 4567 καὶ
1787 4509 1954 4586 λιμοὶ,

2045 4514 2100 4566 et
2132 4514 2503 4566 lCl‘l‘meOlUS
2532 4505 2726 4584 magni
2750 4515 2923 4566 erunt
2945 4506 3002 4566 in
3033 4505 3276 4582 singulis
3304 4505 3471 4577 locis,
3503 4512 3559 4563 et
3600 4506 3690 4565 l'a—

308 4598 399 4653 καὶ
444 4596 623 4671 λοιμοὶ
680 4597 909 4676 ἔσονται,
982 4596 1219 4676 φσᾶηόητρπὶ
1256 4620 1336 4668 τε,
1381 4600 1469 4653 καὶ
1500 4611 1703 4673 σημεῖα
1734 4597 1827 4655 ἀπ’
1858 4600 1953 4655 οὒ-

2045 4612 2164 4654 mes
2187 4613 2254 4654 ac
2288 4594 2663 4674 pestilentiae,
2691 4595 3291 4674 tet‘riculamentaque
3329 4604 3384 4653 et
3416 4596 3583 4669 signa
3617 4594 3691 4653 de

308 4687 467 4764 ρανοῦ
539 4686 746 4765 μεγάλα
791 4686 957 4743 ἔσται.
1026 4710 1047 4743 υ
1118 4687 1345 4750 Εἰκότως
1404 4690 1431 4743 6
1493 4689 1676 4767 Κύριος
1739 4710 1952 4768 προφη-

2045 4684 2185 4743 [ιειο
2212 4701 2423 4762 magna
2446 4684 2897 4744 erunt.»Merito
2930 4685 3213 4745 Dominus
3246 4682 3508 4762 praedicit
3534 4701 3692 4742 nunc

305 4777 445 4832 τεύει
514 4781 633 4857 περὶ
682 4783 781 4845 τῆς
854 4767 1197 4856 Ἰερουσαλὴμ
1261 4786 1369 4858 νῦν,
1436 4777 1527 4833 ἅτε
1573 4777 1636 4848 δή
1694 4782 1821 4858 πρὸς
1893 4781 1951 4835 τὸ

2045 4774 2111 4833 de
2141 4774 2473 4835 Jerusalem
2507 4772 2922 4848 subversione,
2958 4774 3234 4852 quoniam
3266 4790 3449 4853 prope
3476 4780 3600 4830 erat
3628 4782 3690 4831 ut

308 4871 697 4945 σταυρωθῆναι,
751 4864 871 4922 ὅσον
932 4864 1096 4936 οὔπω,
1157 4868 1256 4944 ὢν,
1319 4866 1393 4923 ἵν’
1423 4866 1645 4947 ἔχοιμεν
1674 4871 1954 4924 καὶταῦτα

2045 4864 2512 4940 cruciﬁgeretur,
2550 4869 2614 4925 υι
2642 4864 2717 4924 sit
2749 4870 2807 4922 et
2829 4863 2939 4923 hoc
2968 4880 3241 4938 magnum
3274 4868 3691 4939 argumentum

307 4955 381 5017 εἰς
439 4954 680 5033 μεγάλην
751 4954 1013 5020 ἀπόδειξιν
1071 4964 1161 5011 τοῦ
1192 4955 1361 5023 ἁληθῆ
1406 4959 1537 5011 Θεὸν
1589 4957 1729 5013 εἶναι
1777 4960 1954 5021 αὐτόν,

2045 4953 2232 5032 ipsum
2266 4971 2398 5013 esse
2429 4951 2635 5012 Deum.
2673 4950 2863 5029 Unde,
2904 4951 3261 5031 quibusdam
3313 4947 3691 5010 laudantibus

310 5035 477 5100 ’Ὅθεν
548 5046 637 5100 καί
691 5066 848 5100 τινων
908 5045 1260 5100 ἐπαινούντων
1310 5046 1402 5109 τὰς
1498 5044 1783 5121 οἰκοδομὰς
1864 5048 1957 5104 τοῦ

2045 5050 2364 5104 structuras
2397 5042 2629 5119 templi,
2663 5052 2719 5102 et
2750 5060 2880 5121 qua;
2922 5042 2983 5101 in
3025 5041 3166 5101 illud
3221 5039 3416 5100 oblata
3466 5047 3635 5098 erant
3670 5060 3685 5114 ;

305 5134 445 5209 ἱεροῦ
514 5134 602 5189 καὶ
657 5134 722 5189 τὰ
765 5133 1098 5208 ἀναθήματα’
1135 5134 1291 5208 οἶμαι
1326 5132 1379 5189 δὲ
1410 5135 1476 5190 τὰ
1506 5137 1724 5215 τορευτὰ
1773 5135 1951 5193 ἐκεῖνα

2045 5132 2256 5212 opinor
2279 5141 2474 5194 autem
2508 5132 2674 5192 illum
2712 5134 2785 5192 de
2820 5131 3067 5212 sculptis
3093 5138 3150 5190 et
3168 5129 3411 5190 tornatis
3439 5128 3691 5206 loquiut

1384 5266 1465 5329 Ex
1498 5268 1817 5330 collatione
1848 5268 2023 5331 codd.
2060 5272 2274 5332 Venet.
2307 5264 2367 5328 S.
2399 5266 2603 5328 Marci.

394 5400 521 5481 (ιο)
556 5398 742 5463 Codd.
768 5400 847 5464 26
880 5406 939 5461 et
960 5399 1063 5481 32,
1095 5400 1261 5458 νιιτοι
1283 5401 1395 5477 βίον
1424 5400 1595 5480 ἔχειν,
1628 5403 1737 5481 καὶ,
1773 5401 1957 5465 ἁπλῶς

2047 5421 2071 5481 ιι
2106 5399 2223 5462 Seu
2250 5398 2424 5481 vitam
2456 5399 2703 5481 habere,
2732 5416 2857 5481 seu,
2896 5406 2957 5458 ut
2986 5395 3319 5475 simplicius
3343 5394 3691 5481 dicari-idum

307 5475 511 5561 εἰπεῖν,
557 5483 676 5559 περί
731 5502 788 5537 τε
846 5483 910 5536 τὰ
964 5475 1227 5559 δόνματα,
1284 5475 1590 5561 ’καὶ-περὶ
1673 5475 1762 5537 τὸν
1817 5483 1953 5561 βίον,

2045 5480 2101 5541 in
2133 5479 2557 5559 doctrina,tum
2584 5478 2642 5539 in
2668 5479 2931 5539 moribus
2956 5486 3183 5539 rectum
3208 5476 3445 5538 esse.Et
3474 5475 3687 5557 sisic,»

307 5559 658 5641 ἀδιάστροφον
729 5561 1021 5640 φαίνεσθαι,
1098 5563 1197 5619 Καὶ
1255 5562 1299 5617 εἰ
1382 5559 1544 5640 οὸτω,
1641 5583 1697 5623 κ.
1771 5583 1824 5625 τ,
1899 5560 1953 5623 λ.
2040 5569 2158 5622 etc.

382 5683 466 5755 (ιι)
506 5681 571 5743 In
599 5676 761 5741 Edit.
797 5679 925 5742 Lut.
951 5696 1161 5741 ensuss
1191 5679 1553 5763 implicatus.
1580 5680 1807 5743 Desunt
1840 5679 2041 5757 verba,
2068 5698 2178 5744 seu
2208 5688 2393 5746 vitam
2426 5688 2651 5745 rectam
2686 5681 2929 5762 afferre.
