4140 6280
535 322 554 383 1
569 318 686 385 063

526 546 824 623 quazrebat
865 548 1363 626 Opportunitatem
1402 545 1636 626 quando
1672 546 1963 607 inveniret
2008 543 2172 604 illum

1514 317 2109 386 THEOPHYLACTI
2153 314 2560 381 BULGARLE
2606 320 2965 386 ARCHIEP.

527 462 637 530 est,
666 458 984 537 perfectam
1025 458 1481 537 promissionem
1532 464 1592 518 et
1648 466 1885 534 pactum
1916 454 2076 516 fecit.
2110 447 2149 509 E

2236 471 2297 503 ια
2335 448 2805 532 Ἐξωμολόγησεν,
2853 474 2883 514 ι
2932 454 3044 513 ἆντὶ
3086 463 3197 529 τοῦ,
3260 456 3475 523 Τελείας
3507 455 3804 535 ὁμολογίας
3846 461 3925 514 καὶ

3777 323 3923 387 1064

2261 542 2520 609 συνθήκας
2606 542 2918 616 ἐποιήσατο,
3007 547 3107 603 Καὶ
3182 544 3355 617 ἐζήτει
3428 549 3721 627 εὐκαιρίαν,
3799 549 3922 603 πότε

526 634 653 693 sine
682 635 867 703 turba,
908 636 1019 696 hoc
1053 643 1162 707 est,
1189 634 1434 695 seorsim
1476 647 1533 695 et
1564 634 1911 709 solitarium,
1950 642 2007 694 et
2030 630 2149 712 ipsi

2260 626 2397 706 εὕροι
2442 630 2598 689 αὐτὸν
2652 630 2774 712 ἄτερ
2834 632 3025 714 ὄχλου,
3072 636 3331 710 τουτέστι,
3391 636 3527 692 κατὰ
3584 637 3780 714 μόνας,
3840 640 3921 693 καὶ

525 722 804 785 traderet.
844 722 1208 799 Magistratus
1245 733 1440 784 autem
1465 724 1592 784 loco
1625 725 1737 785 hoc
1760 731 1929 785 vocat
1954 720 2169 804 praefe—

524 820 649 871 ctos
678 811 940 873 adiﬁciis
972 812 1294 890 templi,vel
1330 813 1506 875 etiam
1540 812 2027 891 censores,utqui
2062 830 2169 871 ουν

524 910 723 961 rarent
747 920 813 961 ea
844 920 975 980 quze
1000 902 1069 962 ad
1098 902 1315 963 bonum
1346 902 1618 963 ordinem
1646 902 2000 962 servandum
2030 918 2167 979 per-

525 988 1379 1053 tinebant.Pr:efecerantenim
1406 991 1650 1051 Romani
1676 989 1961 1070 quosdam
1990 1007 2167 1068 popu-

523 1077 577 1137 lo
606 1087 664 1138 ut
688 1098 759 1138 ne
782 1078 1147 1159 turbaretur,
1175 1078 1659 1158 quandoquidem
1694 1077 1955 1138 seditiosi
1975 1084 2162 1140 erant.

523 1164 662 1227 Illos
718 1166 892 1244 igitur
945 1175 1110 1227 vocat
1162 1170 1510 1245 στρατηγοὺς,
1567 1166 1967 1245 magistratus.
2018 1167 2167 1225 For-

525 1254 695 1313 tassis
725 1264 917 1315 aulem
953 1264 1009 1315 et
1044 1256 1321 1316 militaria
1370 1274 1620 1316 munera
1662 1254 2057 1316 credebantur
2081 1257 2167 1314 eis

515 1342 616 1422 qui
648 1353 812 1403 erant
844 1364 911 1403 ex
942 1345 1298 1405 sacerdotali
1338 1345 1567 1424 ordine,
1606 1344 1765 1404 unde
1799 1344 2168 1421 magistratus

515 1442 574 1493 et
597 1433 781 1493 duces
819 1433 986 1496 dicti.
1024 1434 1368 1495 Ambitione
1400 1434 1558 1494 enim
1595 1432 1935 1493 laborantes
1967 1440 2025 1491 et
2068 1431 2166 1491 illa

514 1522 706 1581 ofﬁcia
735 1522 1097 1583 invadebant
1129 1544 1140 1584 :
1170 1526 1326 1582 utile
1357 1540 1456 1581 eos
1489 1521 1861 1599 magistratus
1905 1528 1962 1581 et
1983 1521 2165 1581 duces

514 1611 717 1688 templi
752 1611 1094 1676 nominavit.
1130 1610 1672 1671 manifestiusforte
1695 1618 1897 1670 taxaus
1925 1609 2076 1670 illos.

594 1698 775 1760 Vens.
811 1700 976 1762 7-13.
1014 1725 1037 1753 α
1067 1701 1241 1759 Venit
1283 1707 1480 1760 autem
1515 1699 1642 1758 dies
1674 1700 2048 1777 Azymorum,
2100 1699 2159 1759 in
2186 1736 2221 1783 Β

2258 720 2438 784 αὐτοῖς
2535 720 2860 801 παραδώσει,
2926 725 3265 803 Στρατηγοὺς
3340 723 3397 780 δέ
3450 749 3611 806 φησιν
3698 725 3919 782 ἐνταῦθα

2253 807 2372 871 τοὺς
2428 807 2695 889 ἄρχοντας
2738 814 2843 869 τῶν
2886 812 3175 888 οἰκοδομῶν
3219 817 3310 871 τοῦ
3351 817 3510 893 ἱεροῦ,
3566 814 3600 880 ἢ
3658 816 3750 869 καὶ
3796 816 3915 879 τοὺς

2252 894 2347 980 τῆς
2420 898 2653 963 εὐταξίας
2722 901 3191 977 ἐπιμελουμένους.
3283 902 3618 970 Ἐπέστησαν
3712 904 3817 980 γέιρ
3875 922 3915 973 οῖ

2254 975 2510 1058 Ῥωμαῖοι
2544 994 2619 1061 τῷ
2660 987 2774 1063 λαῷ
2818 975 2992 1061 τινας,
3035 994 3108 1054 ὡς
3140 990 3201 1046 ἂν
3246 993 3324 1066 μὴ
3355 992 3685 1070 ταράσσηται
3725 975 3739 1024 ⁸
3789 975 3916 1048 στα-

2250 1074 2456 1137 σιώδεις
2500 1077 2599 1153 γὰρ
2641 1078 2801 1142 ἦσαν.
2841 1081 3091 1148 Τούτους,
3146 1082 3302 1160 φησὶ,
3348 1081 3699 1159 στρατηγούς.
3741 1072 3915 1140 ’Ἴσως

2250 1157 2304 1214 δὲ
2360 1164 2448 1218 καὶ
2505 1162 2797 1234 διοικήσεις
2830 1171 3208 1246 στρατιωτικὰς
3261 1169 3425 1248 εἶχον
3456 1191 3470 1203 ·
3519 1171 3572 1225 οἳ
3605 1168 3806 1248 μέρους
3840 1168 3918 1225 ἄνα

2249 1270 2337 1313 τες
2426 1259 2516 1309 τοῦ
2583 1256 2868 1332 ἱερατικοῦ,
2961 1259 3251 1336 στρατηγοὶ
3347 1259 3767 1332 ὠνομάσθησαν.
3852 1260 3917 1315 T6

2251 1336 2583 1418 φιλόπρωτον
2628 1344 2726 1420 γὰρ
2785 1352 3079 1419 νοσοῦντες,
3142 1348 3230 1401 καὶ
3289 1346 3557 1410 τοιαύταις
3632 1344 3914 1415 διοικήσε-

2251 1447 2331 1480 σιν
2390 1426 2745 1487 ἐπεϐάλλοντο
2778 1448 2791 1462 ⁸
2852 1432 2932 1488 διὸ
2985 1436 3073 1490 καὶ
3130 1438 3460 1513 στρατηγοὺς
3518 1436 3704 1497 αὐτοὺς
3769 1435 3909 1491 ὠνό-

2248 1537 2383 1588 μασε
2425 1526 2518 1577 τοῦ
2575 1522 2735 1599 ἱεροῦ,
2778 1523 3235 1601 ἐμφαντικώτερον
3290 1525 3437 1602 τάχα
3500 1523 3910 1587 καθαπτόμενος

2247 1605 2439 1667 αὐτῶν,

2331 1715 2358 1745 α
2407 1689 2561 1751 Ἦλθε
2604 1694 2659 1751 δὲ
2698 1699 2731 1765 ἡ
2776 1698 2951 1776 ἡμέρα
3006 1700 3112 1755 τών
3158 1700 3423 1774 Ἀζύμων,
3466 1701 3519 1757 ἐν
3547 1702 3583 1776 ᾖ
3625 1698 3729 1756 ’έδει
3780 1703 3907 1757 θύε-

511 1806 626 1867 qua
658 1807 904 1849 necesse
935 1797 1059 1847 erat
1085 1787 1377 1847 immolari
1400 1790 1616 1868 pascha
1652 1790 1717 1847 Et
1744 1787 2149 1848 misitPetrum

2243 1784 2359 1836 σθαι
2414 1785 2475 1839 16
2545 1786 2754 1864 πάσχα.
2821 1789 2918 1844 Καὶ
2978 1787 3257 1843 ἀπέστειλε
3310 1789 3506 1867 Πέτρον
3562 1790 3651 1845 καὶ
3709 1787 3910 1847 Ἰωάν-

512 1896 579 1937 ac
600 1876 912 1951 Joannem,
940 1878 1145 1937 dicens
1173 1897 1184 1935 :
1214 1875 1437 1936 Euntes
1472 1886 1672 1955 parate
1711 1876 1882 1936 nobis
1915 1877 2154 1955 pascha,

512 1965 855 2026 utedamus.
888 1971 956 2025 At
978 1966 1063 2025 illi
1095 1966 1372 2027 dixerunt
1409 1968 1460 2024 ci
1489 1987 1500 2023 :
1538 1964 1681 2027 Ubis
1713 1965 1798 2025 vis
1830 1983 2106 2043 paremus
2132 1972 2159 2026 ?

508 2053 576 2114 Et
599 2053 745 2115 dixit
780 2054 852 2116 ad
886 2073 988 2115 eos
1016 2072 1027 2116 :
1059 2054 1212 2115 Ecce
1261 2053 1701 2114 introeuntibus
1731 2052 1896 2113 vobis
1929 2052 1987 2113 in
2011 2053 2152 2113 civi-

508 2152 706 2217 tatem,
744 2154 1017 2203 occurret
1040 2146 1215 2204 homo
1239 2144 1476 2223 quidam
1515 2161 1613 2203 vas
1642 2161 1809 2222 aqua;
1835 2150 2152 2204 testaceum

510 2232 1105 2311 portaus.Sequimini
1130 2253 1261 2293 eum
1300 2232 1357 2291 in
1388 2233 1628 2292 domum
1663 2231 1719 2291 in
1746 2249 1921 2310 quam
1952 2231 2151 2311 intrat,

508 2329 565 2380 et
595 2322 800 2383 dicetis
834 2322 1237 2401 patrifamilias
1268 2321 1665 2383 mdiuszicit
1697 2320 1799 2380 tibi
1824 2320 2103 2396 magister
2136 2340 2148 2383 :

509 2409 615 2473 Ubi
639 2421 725 2472 est
746 2412 1265 2485 diversorium,ubi
1293 2412 1509 2490 pascha
1522 2430 1653 2471 cum
1678 2410 1984 2489 discipulis
2005 2412 2152 2471 meis

504 2501 706 2561 edam?
738 2500 806 2561 Et
836 2501 963 2577 ipse
995 2501 1266 2561 ostendet
1290 2499 1454 2560 vobis
1478 2499 1846 2561 coeuaculum
1876 2517 2147 2577 magnum

504 2596 773 2662 stratum,
798 2588 879 2648 ibi
907 2592 1361 2668 parate.Euntes
1384 2598 1578 2649 autem
1608 2588 1969 2647 invenerunt
1998 2587 2153 2649 sicut

504 2676 733 2737 dixerat
764 2677 900 2749 illis,
929 2683 987 2739 et
1018 2686 1371 2757 paraverunt
1405 2676 1639 2757 pascha.
1696 2702 1717 2734 »
1767 2674 1931 2745 Quod
1968 2676 2149 2753 phase

506 2765 786 2828 hebraice
833 2767 1047 2845 pascha
1103 2767 1354 2846 dicatur,
1388 2775 1445 2825 et
1494 2766 1687 2843 signet
1733 2764 2047 2825 transitum
2082 2784 2147 2825 ex

503 2854 933 2934 iEgypto,szepe
955 2856 1177 2917 dictum
1199 2865 1323 2917 est:
1354 2858 1489 2917 etin
1513 2873 1744 2915 summa
1768 2854 1986 2929 omnia,
2022 2874 2152 2934 quae

2242 1890 2360 1944 νην,
2408 1872 2569 1928 είπών
2607 1895 2619 1908 ·
2668 1876 3008 1949 Πορευθέντες
3065 1876 3380 1953 ἑτοιμάσατε
3408 1880 3546 1951 ἡμῖν
3578 1879 3639 1933 τὸ
3684 1884 3908 1958 πάσχα,

2239 1956 2330 2013 ’ἕνα
2361 1960 2617 2039 φάγωμεν
2653 1983 2667 1997 ο
2717 1966 2763 2019 οἱ
2808 1963 2861 2019 δὲ
2907 1965 3067 2022 εἶπον
3099 1968 3239 2040 αὐτῷ
3273 1982 3286 1995 ⁸
3338 1969 3447 2021 Ποῦ
3474 1965 3645 2030 θέλεις
3681 1956 3911 2041 ἕτοιμά-

2241 2049 2417 2123 σωμέν
2475 2068 2610 2126 σοι;
2670 2043 2727 2109 (Ο
2787 2051 2841 2108 δὲ
2888 2054 3045 2109 εἶπεν
3104 2060 3287 2117 αὐτοῖς
3318 2074 3333 2090 ⁸
3388 2053 3521 2112 Ἰδοὺ
3566 2055 3909 2112 εἰσελθόντων

2237 2135 2384 2209 ὑμῶν
2442 2140 2514 2202 εἰς
2567 2141 2667 2208 τὴν
2749 2141 2929 2218 πόλιν,
3000 2146 3311 2213 συναντήσει
3392 2145 3521 2218 ὑμῖν
3622 2143 3907 2223 ἅνθρωπος

2237 2226 2486 2299 κεράμιον
2543 2228 2726 2294 ὕδατος
2785 2233 3059 2307 βαστάζων
3091 2248 3105 2262 ⁸
3180 2232 3571 2301 ἀκολουθήσατε
3620 2237 3768 2306 αὐτῷ
3829 2237 3902 2297 εἷς

2234 2315 2331 2382 τὴν
2380 2317 2569 2397 οἰκίαν,
2616 2322 2675 2374 οὗ
2746 2322 3127 2398 εἰσπορεύεται,
3185 2325 3274 2379 καὶ
3330 2323 3498 2400 ἐρεῖτε
3561 2330 3638 2396 τῷ
3682 2321 3894 2379 οἰκοδε-

2237 2406 2409 2480 σπότῃ
2488 2412 2585 2473 τῆς
2646 2410 2811 2473 οἰκίας
2846 2425 2860 2441 ⁸
2920 2409 3077 2488 Λέγει
3140 2433 3223 2467 σοι
3281 2413 3308 2467 6
3363 2408 3676 2472 διδάσκαλος
3712 2426 3726 2439 ·
3789 2417 3897 2466 Ποῦ

2237 2491 2346 2547 ἐστι
2405 2495 2465 2549 16
2524 2495 2829 2572 κατάλυμα,
2878 2497 3011 2554 ὅπου
3067 2500 3128 2553 τὸ
3186 2499 3374 2577 πάσχα
3421 2498 3688 2573 μετὰτῶν
3722 2503 3896 2573 μαθη-

2232 2586 2337 2637 τῶν
2396 2604 2497 2657 μου
2546 2586 2747 2663 φάγως
2808 2588 3067 2649 Κάκεῖνος
3118 2586 3246 2662 ὑμῖν
3291 2585 3439 2652 δείξει
3471 2587 3707 2665 ἂνώγεον
3754 2586 3896 2665 μέγα

2232 2669 2563 2749 ἐστρωμένον
2600 2690 2613 2703 ⁸
2667 2674 2782 2731 ἐκεῖ
2824 2676 3165 2750 ἑτοιμάσατε.
3216 2673 3559 2739 Ἀπελθόντες
3604 2675 3658 2731 δὲ
3722 2677 3893 2747 εὗρον,

2233 2759 2406 2843 καθὼς
2464 2759 2680 2840 εἴρηκεν
2738 2763 2941 2829 αὐτοῖς,
3002 2766 3091 2819 καὶ
3139 2766 3436 2839 ἡτοίμασαν
3496 2766 3557 2820 τὸ
3610 2766 3825 2843 πάσχα.
3860 2787 3887 2815 ι

2238 2837 2271 2871 ”¹
2283 2856 2375 2903 Οτι
2426 2850 2523 2923 μὲν
2570 2853 2742 2929 φασέκ
2791 2844 3088 2931 Ἐϐραΐκῶς
3120 2855 3180 2909 τὸ
3214 2854 3402 2932 πάσχα
3433 2852 3747 2931 λεγόμενον,
3795 2854 3890 2918 τὴν

502 2933 720 3006 tuncin
752 2933 899 3005 festo
923 2946 1133 3024 ﬁunt,a
1153 2945 1370 3006 sanctis
1393 2945 1849 3024 interpretatum
1874 2933 2149 3005 estznunc

2236 2933 2285 3000 ἐξ
2348 2938 2611 3015 Αἰγύπτου
2669 2938 2906 2997 διάϐασιν
2980 2940 3161 3015 δηλοῖ,
3227 2940 3454 3005 πολλοῖς
3527 2940 3765 3020 εἴρηταιθ
3803 2941 3882 2994 καί

498 3043 692 3095 autem
719 3053 893 3114 quem
922 3035 1092 3094 nobis
1131 3034 1292 3096 dicat
1329 3034 1487 3097 diem
1532 3036 1907 3114 Azymorum,
1938 3032 2147 3094 dicen-

499 3122 839 3183 dum.Diem
868 3122 1046 3200 igitur
1067 3123 1416 3202 Azymorum
1448 3122 1587 3184 dicit
1619 3122 1915 3202 quintum,
1946 3123 2017 3182 ad
2051 3143 2146 3185 cu-

493 3211 593 3289 jus
618 3229 922 3290 vesperam
950 3212 1166 3290 pascha
1188 3211 1620 3272 immolandum
1653 3220 1797 3272 erat.
1821 3210 2006 3289 Igitur
2026 3214 2146 3273 Do-

499 3301 696 3360 minus
729 3299 878 3361 forte
908 3301 1111 3380 quinto
1146 3318 1318 3361 mane
1344 3300 1522 3361 mittit
1548 3299 2143 3380 discipulos,Petrum

499 3395 555 3447 et
583 3387 896 3468 Joannem,
925 3398 982 3448 et
1012 3388 1176 3449 illum
1212 3388 1452 3467 quidem
1485 3393 1553 3450 ut
1582 3388 1951 3465 diligentem,
1990 3390 2147 3452 hunc

498 3495 633 3537 vero
659 3486 719 3537 ut
749 3477 1056 3538 dilectum.
1095 3478 1273 3538 Mittit
1301 3484 1495 3539 autem
1521 3478 1579 3536 in
1602 3476 1853 3539 alienam
1879 3477 2142 3539 domum.

502 3564 705 3645 Neque
730 3566 885 3626 enim
922 3566 1162 3626 domum
1198 3564 1450 3626 habebat
1470 3566 1562 3627 vel
1588 3565 1713 3644 ipse
1744 3565 1834 3627 vel
1870 3566 2147 3646 discipuli

498 3654 911 3732 ejus,alioquin
938 3655 994 3714 in
1013 3673 1127 3713 una
1148 3655 1286 3714 1166
1310 3654 1745 3733 discipulorum
1772 3657 1950 3715 domo
1978 3674 2146 3716 man-

494 3743 766 3803 ducasset
797 3744 1034 3821 pascha.
1065 3741 1237 3804 Vides
1263 3742 1706 3822 paupertatem?
1745 3742 1945 3805 Mittit?
1975 3742 2150 3808 Mittit

492 3849 628 3891 vero
656 3849 759 3891 eos
779 3831 851 3890 ad
885 3831 1186 3893 hominem
1211 3831 1677 3909 incognitum.ut
1700 3832 2147 3912 ostendatquod

491 3927 703 4000 sponte
725 3921 1055 3999 susceperit
1090 3918 1525 3996 passionem.Si
1561 3921 1717 3980 enim
1746 3920 2145 4001 noluisset,si~

492 4018 591 4070 cut
617 4016 873 4069 mentem
892 4010 1113 4070 homini
1138 4011 1238 4091 qui
1255 4029 1321 4071 se
1340 4009 1838 4082 nesciebat,dedit
1857 4019 1918 4069 ut
1938 4029 2001 4073 se
2021 4030 2148 4071 sus-

490 4099 715 4178 ciperet
744 4097 826 4158 ita
859 4106 1089 4178 poterat
1112 4108 1169 4160 et
1193 4119 1325 4160 cum
1352 4098 1574 4161 Judaeis
1593 4117 1724 4179 quaa
1749 4098 2018 4161 libuisset
2052 4101 2140 4161 fa—

491 4204 650 4250 cere.
683 4187 933 4259 Quidam
963 4198 1159 4249 autem
1190 4188 1393 4248 dicunt
1424 4188 1578 4267 quod
1608 4197 1849 4267 propter
1892 4189 2000 4249 hoc
2024 4208 2143 4249 non

488 4274 635 4335 dixit
665 4276 883 4336 nomen
916 4275 1318 4350 hominis,nec
1336 4276 2018 4352 manifestaviteum,sed
2055 4277 2139 4338 si-

2236 3025 2417 3090 ἁπλῶς
2475 3031 2647 3086 πάντα
2701 3033 2766 3088 τὰ
2829 3032 2882 3086 ἓν
2938 3038 3006 3107 τῇ
3064 3032 3221 3109 ἑορτῇ
3279 3034 3399 3086 τότε
3431 3029 3747 3106 τελούμενα,
3772 3041 3877 3091 τοῖς

2233 3117 2402 3193 ἁγίοις
2459 3119 2812 3195 ἡρμήνευται.
2870 3127 2972 3178 Νῦν
3016 3118 3070 3175 δὲ
3120 3122 3257 3194 ἡμῖν
3315 3122 3431 3175 τίνα
3492 3110 3635 3198 λέγεὶ
3696 3119 3885 3197 ὴμέραν

2230 3210 2337 3260 τῶν
2388 3206 2653 3282 Ἀςύμων,
2721 3209 2933 3285 ῥητέον,
3000 3201 3231 3287 Ἠμέραν
3289 3208 3378 3265 οὖν
3450 3208 3695 3282 Ἀζύμων
3750 3206 3886 3284 λέγει

2230 3295 2326 3361 τὴν
2387 3295 2663 3377 πέμπτην,
2710 3298 2774 3364 ἧς
2820 3304 2887 3375 τῇ
2944 3298 3138 3377 ἑσπέρᾳ
3196 3295 3422 3371 ἔμελλον
3466 3297 3604 3352 θύειν
3659 3297 3723 3351 16
3780 3296 3889 3351 πά-

2232 3404 2370 3462 σχα.
2434 3375 2492 3440 Ὀ
2551 3386 2723 3441 τοίνυν
2799 3388 2984 3464 Κύριος
3043 3375 3112 3461 τῇ
3166 3386 3387 3462 πέμπτῃ
3458 3386 3666 3462 πρωίας
3724 3386 3889 3463 τυχὸν

2231 3471 2547 3528 ἀποστέλλει
2590 3475 2712 3539 τοὺς
2772 3476 3014 3550 μαθητὰς
3068 3473 3264 3553 Πέτρον
3305 3476 3394 3530 καὶ
3451 3473 3704 3539 Ἰωάννην
3739 3490 3755 3503 ⁸
3797 3475 3890 3529 τὸν

2231 3561 2327 3635 μὲν
2385 3563 2459 3626 ὡς
2503 3562 2818 3640 ἆπαγῶντα,
2871 3565 2962 3619 τὸν
2993 3560 3047 3619 δὲ
3078 3566 3151 3626 ὡς
3180 3564 3554 3641 ἀγαπώμενον.
3589 3562 3894 3619 Ἀποστέλ-

2232 3649 2311 3706 λει
2357 3648 2410 3705 δὲ
2448 3654 2521 3715 εἰς
2582 3650 2862 3732 ἀλλοτρίαν
2922 3652 3108 3712 οἰκίαν.
3174 3651 3301 3709 Οὗδέ
3360 3654 3459 3731 γὰρ
3502 3652 3662 3731 εἶχεν
3706 3654 3891 3731 αὐτὸς,

2232 3736 2351 3794 ἀλλ’
2408 3739 2523 3797 οὐδὲ
2567 3744 2612 3797 οἱ
2644 3743 2877 3816 μαθηταὶ
2920 3744 3077 3797 αὐτοῦ
3110 3757 3123 3771 ⁸
3185 3742 3220 3817 ᾗ
3280 3742 3380 3820 γὰρ
3424 3740 3488 3796 ἂν
3530 3740 3584 3796 ἐν
3638 3741 3758 3803 ἑνὸς
3788 3749 3895 3798 τῶν

2233 3831 2487 3904 μαθητῶν
2546 3828 2770 3908 διήγαγε
2828 3831 2890 3886 τὰ
2947 3831 3158 3909 πάσχα.
3227 3820 3381 3908 Ὀρᾷς
3458 3829 3889 3908 ἀκτημοσύνην;

2233 3914 2452 3973 Στέλλει
2498 3917 2551 3973 δὲ
2595 3921 2782 3982 αὐτοὺς
2827 3921 2958 3997 πρὸς
3018 3917 3291 3998 ἄνθρωπον
3336 3921 3413 3993 μὴ
3467 3919 3889 3999 γινωσκόμενον,

2229 4006 2323 4063 ἵνα
2377 4005 2543 4087 δείξῃ,
2604 4007 2685 4064 ὅτι
2738 4011 2825 4064 καὶ
2883 4011 2945 4064 τὸ
3000 4009 3166 4071 πάθος
3228 4006 3392 4063 θέλω-ι
3437 4004 3775 4071 κατεδέξατο,
3831 4013 3889 4067 Ei

2227 4096 2327 4174 γὰρ
2381 4098 2459 4171 μὴ
2516 4095 2727 4177 ἤθελεν,
2770 4096 3002 4164 ἠδύνατο
3061 4100 3087 4152 6
3131 4097 3229 4163 τὴν
3276 4094 3507 4151 διάνοιαν
3560 4099 3751 4153 τούτου
3792 4103 3888 4153 τοῦ

2236 4184 2249 4205 9
2349 4185 2360 4205 Ι
2567 4189 2579 4205 ⁷
2703 4190 2715 4208 Ι
2975 4188 2985 4207 Ι
3179 4186 3203 4209 τί
3494 4185 3507 4201 ‘
3625 4187 3639 4207 ζ
3734 4184 3778 4203 δ’

2226 4207 2500 4263 αγνωστου
2557 4190 2827 4266 σνθρωπου
2898 4207 3107 4260 πεισας,
3170 4208 3305 4242 ωστε
3368 4186 3550 4249 αὑτους
3621 4184 3883 4250 υποοεξα-

2227 4277 2365 4349 σθαι,
2426 4274 2524 4331 κᾶν
2568 4290 2683 4342 τοῖς
2728 4274 2999 4340 Ἰουδαίοις
3031 4274 3129 4331 ὅσα
3172 4273 3430 4343 ἠϐούλετο
3480 4272 3880 4353 διαπράξασθαι,

487 4381 601 4439 gnn
626 4362 884 4443 quodam
911 4363 1154 4425 deduxit
1185 4382 1288 4425 eos
1319 4364 1391 4424 ad
1420 4364 1659 4425 domum
1694 4363 1875 4445 illius,
1903 4373 2143 4445 propter

2236 4363 2377 4426 Τινὲς
2436 4362 2491 4419 δέ
2542 4387 2692 4445 φασι,
2740 4363 2820 4420 ὅτι
2865 4362 2950 4422 διὰ
3005 4373 3159 4421 τοῦτο
3212 4365 3306 4420 οὐκ
3337 4365 3462 4420 εἷπε
3491 4372 3583 4421 τοῦ
3611 4364 3885 4442 ἀνθρώπου

489 4453 879 4531 proditorem,
904 4461 968 4515 ut
998 4456 1262 4530 ignorato
1296 4453 1538 4514 nomine
1563 4471 1681 4513 non
1714 4453 1994 4531 proderet
2026 4454 2140 4515 do-

490 4559 648 4600 mum
676 4540 1122 4621 Pharisaais,qui
1141 4542 1442 4603 venissent
1463 4550 1516 4601 et
1541 4542 2144 4620 comprehendissent

488 4630 995 4708 eum,priusquam
1019 4648 1247 4691 cumam
1273 4630 1678 4709 perﬁceret,et
1698 4630 2145 4709 spiritualiasua

487 4734 711 4779 sacram
725 4718 1138 4779 entatraderet
1165 4739 1177 4778 :
1208 4718 1429 4779 idcirco
1453 4718 1607 4779 infra
1632 4718 1907 4782 Christus
1944 4720 2090 4783 dicit
2120 4743 2139 4782 :

496 4803 837 4867 «Desiderio
853 4805 1181 4869 desideravi
1197 4809 1306 4868 hoc
1328 4807 1541 4887 pascha
1566 4808 1928 4870 manducare
1951 4810 2144 4872 vobis-

487 4913 620 4956 cum
644 4903 960 4975 antequam
980 4897 1349 4976 patiar,»hoc
1373 4899 1747 4974 est,0mnem
1775 4917 2018 4977 operam
2044 4903 2144 4962 ad-

484 4981 651 5045 hibui
669 4992 733 5044 ut
755 4983 1039 5045 lateamus
1062 4985 1425 5065 proditorem
1434 5004 1534 5063 ,ne
1554 4992 1691 5046 ante
1711 4993 1941 5066 tempus
1961 4990 2141 5050 susti-

485 5090 733 5134 neamus
777 5073 1110 5153 passionem
1152 5080 1494 5155 priusquam
1536 5073 1905 5137 traderemus
1942 5096 2141 5139 sacra-

485 5160 1151 5241 menta.Expositionem
1178 5164 1327 5224 hanc
1350 5163 1607 5243 accipiat.
1630 5163 1733 5244 qui
1755 5164 2016 5228 volet.Et
2039 5186 2138 5230 cu-

476 5251 577 5331 jus
596 5251 780 5330 gratia
803 5253 1021 5330 pascha
1038 5251 1323 5315 facit?Per
1346 5253 1546 5313 omnia
1569 5253 1999 5334 ostenditquod
2028 5277 2132 5318 us-

485 5358 602 5420 que
619 5339 693 5401 ad
716 5349 1042 5401 extremum
1065 5341 1390 5403 anhelitum
1410 5360 1527 5401 non
1547 5340 1624 5401 sit
1643 5344 1975 5406 contrarius
1995 5345 2133 5425 legi.

486 5427 657 5508 Atqui
681 5429 1065 5491 comedamus
1084 5438 1143 5491 et
1166 5449 1271 5490 nos
1286 5431 1398 5491 hoc
1412 5429 1630 5510 pascha
1652 5429 2138 5509 spiritualiter.Et

481 5516 879 5603 intelligamus
894 5518 1023 5581 dies
1038 5521 1398 5598 Azymorum
1416 5536 1678 5593 omnem,
1716 5537 1847 5599 quae
1870 5520 1929 5581 in
1951 5524 2131 5603 spiri-

485 5602 627 5667 tuali
640 5603 866 5666 lumine
885 5608 1618 5689 est,conversionem,quae
1643 5607 1863 5669 nullam
1881 5602 2131 5675 vetusta-

2226 4452 2286 4507 τὸ
2341 4452 2528 4529 ὄνομα,
2593 4456 2680 4510 καὶ
2743 4453 3067 4534 ἐφανέρωσεν
3119 4454 3297 4532 αὐτὸν,
3346 4451 3483 4508 ἀλλὰ
3532 4454 3743 4527 σημείῳ
3781 4454 3885 4508 τινὶ

2228 4538 2418 4620 ὁδηγεῖ
2461 4544 2649 4607 αὐτοὺς
2707 4546 2835 4623 πρὸς
2888 4545 2986 4610 τὴν
3049 4544 3216 4600 οἰκίαν
3274 4550 3368 4599 103
3449 4542 3747 4619 ἀνθρώπου,
3801 4541 3884 4597 διὰ

2228 4631 2319 4685 τὸν
2372 4629 2635 4710 προδότην
2668 4649 2683 4663 ⁸
2744 4635 2817 4696 ὼς
2875 4631 2938 4687 ἂν
2995 4632 3073 4707 μὴ
3129 4634 3281 4710 γνοὺς
3312 4634 3372 4686 τὸ
3401 4631 3594 4709 ὄνομα,
3626 4652 3883 4705 καταμη-

2229 4720 2358 4797 νύσῃ
2417 4721 2513 4789 τὴν
2569 4722 2735 4777 οἰκίαν
2776 4734 2895 4785 τοῖς
2951 4723 3283 4800 Φαρισαίοις,
3328 4721 3417 4777 καὶ
3472 4718 3714 4783 ἐλθόντες
3746 4718 3878 4775 συλ-

2227 4805 2466 4864 λάϐωσιν
2496 4808 2675 4883 αὑτὸν,
2739 4811 2857 4883 πρὶν
2917 4808 2953 4877 ἢ
2987 4811 3048 4864 τὸ
3077 4806 3293 4865 δεῖπνον
3336 4808 3550 4884 ἐπιστῇ,
3583 4809 3705 4886 πρὶν
3734 4809 3767 4876 ἢ
3811 4808 3877 4864 τὰ

2230 4898 2559 4972 πνευματικὰ
2615 4900 2877 4977 μυστήρια
2920 4898 3075 4954 αὐτοῦ
3128 4894 3368 4976 παραδῷ.
3424 4895 3515 4952 Διό
3570 4919 3703 4975 φησι
3762 4918 3876 4953 πα-

2226 4987 2491 5063 ρακατιὼν
2553 4988 2580 5042 6
2624 4987 2845 5066 Χριστός
2881 5002 2895 5015 ⁸
2948 5007 2981 5044 ι
3025 4984 3303 5062 Ἐπιθυμίᾳ
3354 4984 3659 5061 ἐπεθύμησα
3718 4993 3875 5044 τοῦτο

2223 5076 2284 5129 τὸ
2340 5074 2525 5154 πάσχα
2570 5089 2761 5155 φαγεῖν
2821 5078 2922 5150 πρὸ
2978 5085 3070 5135 τοῦ
3122 5096 3188 5150 με
3247 5078 3480 5131 παθεῖν’
3522 5097 3550 5129 ι
3607 5076 3869 5149 τουτέστι,

2224 5170 2403 5223 Πᾶσαν
2456 5162 2687 5232 σπουδὴν
2744 5165 2962 5245 ἐθέμην,
3023 5164 3169 5229 ὅπως
3229 5163 3472 5240 λάθωμεν
3525 5166 3618 5221 τὸν
3667 5164 3873 5244 προδό-

2221 5275 2345 5326 την,
2403 5257 2493 5311 καὶ
2535 5254 2612 5330 μὴ
2660 5255 2895 5334 πρόωρον
2951 5257 3263 5329 ὑποστῶμεν
3321 5255 3381 5309 16
3440 5253 3628 5327 πάθος,
3672 5256 3788 5333 πρὶν
3834 5255 3875 5322 ἢ

2223 5340 2542 5421 παραδῶμεν
2599 5344 2665 5399 τὰ
2723 5345 3008 5423 μυστήρια,
3070 5342 3303 5409 ’Ἔξεστι
3361 5340 3415 5397 δὲ
3462 5347 3539 5414 τῷ
3565 5340 3877 5418 βουλομένῳ

2220 5430 2610 5512 παραδέχεσθαι
2666 5434 2863 5500 ταύτην
2920 5434 3019 5501 τὴν
3065 5430 3343 5511 ἐξήγησιν.
3399 5430 3549 5494 Τίνος
3607 5429 3660 5487 δὲ
3717 5431 3876 5490 ἕνεκα

2216 5524 2278 5578 16
2325 5521 2513 5601 πάσχα
2542 5520 2690 5577 τελεῖ
2730 5539 2746 5597 ;
2808 5524 2906 5579 Διὰ
2948 5523 3158 5580 πάντων
3210 5519 3412 5583 δεικνυς
3469 5518 3599 5599 ἄχρι
3644 5520 3741 5588 τῆς
3771 5543 3873 5577 τε-

2216 5610 2456 5675 λευταίας
2508 5611 2800 5687 ἀναπνοῆς,
2863 5610 2943 5668 ὅτι
3003 5614 3096 5669 οὒκ
3138 5611 3279 5667 ἔστιν
3325 5608 3665 5683 ἐναντίοιςτῷ
3690 5611 3867 5687 νόμῳ.

4044 325 4076 479 ί

4064 978 4080 1169 γ
