4140 6280
321 288 473 355 1065

1000 292 1441 361 ENARRATIO
1485 297 1567 361 IN
1614 290 2117 357 EVANGELIUM
2164 289 2404 352 LUCE.
2450 317 2530 333 -
2571 288 2737 351 CAP.
2786 288 2977 350 XXII.

3528 280 3683 347 1066

307 421 475 481 Ἀλλά
521 428 775 507 φάγωμεν
834 436 986 487 τοῦτο
1043 430 1105 485 τὸ
1160 431 1346 510 πάσχα
1378 436 1582 501 νοητῶς
1630 430 1717 486 γαὶ
1766 430 1926 503 ἡμεῖς

2038 430 2156 485 tem
2189 421 2395 502 prima;
2417 421 2475 483 in
2499 420 2683 483 Adam
2732 419 3145 510 inobedientiaa
3195 418 3407 482 habeat
3434 439 3448 483 :
3481 420 3541 482 in
3564 439 3681 500 qua

308 515 398 569 καὶ
445 514 509 581 δὴ
568 518 845 593 νοήσωμεν
899 518 1103 597 ἡμέραν
1158 524 1265 574 τῶν
1311 519 1578 597 Ἀζύμων,
1636 523 1807 574 πᾶσαν
1850 516 1947 582 τὴν

308 599 365 658 ἐν
419 610 496 660 τῶ
539 607 671 684 φωτὶ
756 612 834 680 τῷ
916 615 1255 682 πνευματικῷ
1320 606 1614 688 διαγωγὴν,
1687 602 1948 680 μηδεμίαν

305 690 650 760 παλαιότητα
706 696 805 760 τῆς
862 696 1119 774 προτέρας
1190 696 1244 751 ἐν
1322 704 1399 771 τῷ
1450 696 1622 771 Ἀδὰμ
1675 695 1949 772 παρακοῆς

266 824 267 827 η
302 776 539 857 ἔχουσαν
578 800 592 814 ⁸
636 782 691 838 ἐν
827 781 1066 861 διαγωγῇ
1108 782 1261 846 ὄντας
1306 786 1449 860 ἡμᾶς
1490 783 1575 841 δεῖ
1616 789 1721 839 τῶν
1751 801 1953 854 μυστη-

302 867 427 943 ρίων
472 877 565 926 τοῦ
622 868 798 937 ἰησοῦ
852 878 1210 950 κατατρυφᾷν,
1271 872 1581 947 Ἐτοιμάσεὶ
1641 874 1728 928 οὖν
1791 870 1953 925 ταῦτα

298 955 367 1010 τὶ
421 960 686 1038 μυστήρια
738 960 934 1038 Πέτρος
994 962 1081 1017 καὶ
1136 958 1411 1035 Ἰωάννης,
1472 959 1655 1038 πρᾶξις
1701 959 1787 1015 καὶ
1814 960 1952 1013 θεω-

297 1042 406 1118 ρία,
465 1046 727 1124 θερμότης
786 1045 950 1118 ζήλου
1005 1050 1094 1104 καὶ
1142 1049 1379 1127 πραότης
1425 1050 1688 1128 εἰρηνική.
1726 1056 1821 1102 Δεῖ
1854 1045 1953 1121 γὰρ

295 1132 391 1185 τὸν
449 1137 656 1208 πιστὸν,
704 1137 791 1192 καὶ
823 1138 1013 1214 θερμὸν
1059 1136 1195 1193 εἶναι
1244 1139 1361 1204 περὶ
1402 1138 1502 1204 τὴν
1561 1134 1806 1214 ἐργασίαν
1860 1129 1953 1189 τοῦ

294 1218 487 1290 καλοῦ,
548 1225 637 1279 καὶ
692 1221 939 1294 ζηλωτὴν
996 1225 1131 1280 κατά
1183 1230 1283 1291 τῆς
1332 1225 1607 1303 πονηρίας,
1654 1224 1738 1280 καὶ
1783 1225 1948 1299 πραῢν

295 1309 377 1372 εἷς
431 1313 552 1374 τοὺς
612 1312 1067 1390 πονηρευομένους
1100 1328 1115 1343 ⁸
1173 1316 1207 1381 ἡ
1264 1316 1363 1392 γὰρ
1406 1314 1633 1391 πονηρία
1688 1309 1940 1386 μισητέα,

293 1399 399 1477 οὔχ
458 1401 485 1455 6
558 1400 999 1479 πονηρευόμενος.
1065 1401 1305 1464 Ἐκεῖνος
1377 1403 1477 1480 γὰρ
1546 1398 1889 1478 θεραπευτέος
1922 1414 1935 1428 '

292 1488 504 1567 πάσχει
564 1488 687 1567 γάρ.
752 1490 850 1547 Καὶ
904 1490 1057 1546 τοῦτό
1126 1490 1236 1548 ἐστι
1292 1493 1354 1547 τὸ
1424 1490 1824 1567 πονηρεύεσθαι,
1883 1489 1940 1543 νὸ

286 1577 435 1652 παρὰ
492 1585 583 1634 τοῦ
636 1581 876 1656 Πονηροῦ
932 1578 1295 1659 ἐνοχλεῖσθαι,
1372 1580 1461 1635 καὶ
1539 1578 1772 1656 πάσχειν
1840 1577 1939 1642 τὴν

286 1666 574 1743 πονηρίαν.
650 1665 776 1723 Ἐὰν
834 1666 921 1723 οὖν
989 1666 1185 1746 Πέτρον
1256 1669 1343 1724 καὶ
1401 1666 1654 1733 Ἰωάννην
1723 1664 1939 1744 ἔχωμεν

286 1751 667 1825 ἐτοιμαὶζοντας
725 1757 786 1810 τὸ
839 1752 1076 1835 δεῖπνον,
1121 1757 1234 1830 βίον
1275 1754 1418 1833 λέγω
1459 1755 1673 1832 ἀγαθὸν,
1709 1752 1766 1815 ὃς
1827 1751 1936 1808 ἐστι

287 1841 486 1918 Πέτρος
521 1857 534 1872 ⁸
582 1846 669 1898 καὶ
725 1844 963 1919 δόγματα
1031 1843 1229 1917 ἀληθῆ,
1310 1844 1346 1898 οἵ
1398 1842 1538 1899 ἐστιν
1595 1842 1622 1897 ὃ
1671 1840 1935 1917 Θεολόγος

2030 514 2473 574 conversatione
2494 509 3268 591 sifuerimus,impinguandi
3288 529 3493 573 sumus
3517 531 3677 592 mys-

2033 601 2196 662 teriis
2217 600 2452 663 Christi.
2486 600 2907 681 Praeparahunt
2931 599 3127 679 itaque
3152 600 3277 660 hazc
3308 608 3678 662 sacramenta

2038 692 2246 752 l’etrus
2271 690 2626 771 etJoannes,
2658 687 2842 750 activa
2863 697 2944 772 _et
2973 687 3448 768 contemplativa,
3482 688 3679 750 fervor

2034 778 2236 849 zeli,et
2257 778 2645 839 mansuetudo
2668 776 3188 857 paciﬁca.0portet
3210 776 3367 836 enim
3397 775 3600 838 ﬁdeles
3619 786 3677 837 et

2036 868 2289 929 fervidos
2318 886 2448 928 esse
2470 866 2689 928 bonum
2724 864 3112 944 operando,et
3142 864 3359 925 zelotas
3389 862 3675 927 adversus

2039 958 2344 1037 malitiam,
2381 967 2437 1019 et
2462 966 2797 1023 mansuetos
2828 976 2966 1035 erga
2998 958 3148 1018 male
3179 958 3673 1037 operantes.0dio

2034 1046 2190 1107 enim
2225 1047 2495 1108 habenda
2525 1047 2766 1127 malitia,
2800 1065 2919 1107 non
2954 1050 3000 1107 is
3027 1045 3126 1125 qui
3158 1045 3309 1106 male
3339 1046 3477 1124 agit,
3503 1047 3674 1126 cujus

2035 1134 2304 1196 habenda
2325 1150 2413 1197 est
2433 1154 2596 1207 cura,
2623 1135 2891 1196 inﬁrmus
2908 1135 3066 1196 enim
3091 1132 3280 1195 est.Et
3297 1135 3405 1195 hoc
3436 1143 3523 1196 est
3545 1154 3671 1195 ma-

2032 1222 2084 1284 le
2101 1241 2298 1301 agere,
2332 1244 2365 1286 a
2400 1225 2651 1302 maligno
2682 1224 2966 1301 vexari,et
2998 1222 3113 1302 pati
3146 1222 3388 1286 malum.
3420 1221 3585 1294 Quod
3620 1223 3671 1285 si

2030 1311 2416 1373 habuerimus
2466 1316 2703 1375 Petrum
2737 1319 2793 1373 et
2821 1313 3111 1373 Joannem
3157 1311 3515 1372 adornantes
3544 1329 3670 1374 cce--

2026 1402 2366 1475 nam,vitam
2401 1404 2529 1461 dicu
2554 1402 2930 1481 bonam,qua3
2954 1408 3042 1460 est
3065 1401 3365 1480 Petrus,et
3380 1418 3514 1461 vera
3529 1402 3671 1478 dog-

2026 1498 2198 1564 mata,
2228 1509 2355 1570 qua:
2382 1500 2517 1553 sunt
2550 1488 2806 1551 Joannes
2861 1489 3194 1565 theologus,
3248 1497 3521 1549 occurret
3553 1490 3671 1551 illis

2026 1578 2517 1659 przeparatoribus
2548 1578 2868 1639 homozhoc
2887 1586 3142 1657 est,tuuc
3168 1577 3535 1637 inveniemus
3554 1579 3667 1639 hu-

2027 1685 2253 1728 manam
2268 1666 2841 1745 conditionem,vere
2855 1666 3167 1725 formatam
3183 1667 3509 1725 secundum
3526 1666 3669 1728 ima-

2022 1754 2218 1830 ginem
2252 1754 2590 1817 Conditoris
2610 1762 2708 1815 ant
2734 1756 2926 1834 potius
2946 1753 3257 1815 Creatoris.
3275 1771 3368 1812 vas
3388 1771 3553 1832 aqua:
3590 1756 3663 1815 ti-

2021 1844 2281 1921 gulinum
2297 1846 2824 1921 gestantem.Aqua
2845 1840 3085 1921 quidem
3112 1838 3366 1920 Spiritus
3386 1842 3665 1918 gratia,ut

287 1929 542 1997 Ἰωάννης
575 1949 590 1963 ⁸
648 1934 960 2001 συναντήσει
1002 1945 1122 1996 τοῖς
1164 1933 1419 1995 τοιούτοις
1458 1932 1799 2006 ἑτοιμασταῖς
1836 1927 1927 1984 ἅν-

2023 1931 2379 2009 evangelista
2409 1930 2666 1992 Joannes
2695 1930 2892 1992 docet.
2924 1928 3259 2008 Figulinum
3296 1940 3490 1990 autem
3538 1949 3659 2005 vas,

282 2020 520 2097 θρωπος,
582 2018 844 2091 τουτέστι,
892 2021 1014 2076 τότε
1084 2022 1373 2097 εὑρήσομεν
1429 2020 1527 2086 τὴν
1606 2017 1933 2097 ἀνθρωπίνην

280 2105 437 2168 ὄντος
496 2109 838 2177 κατάστασιν,
878 2110 975 2177 τὴν
1048 2108 1165 2166 κατ’
1222 2110 1393 2166 εἱκόνα
1450 2106 1932 2185 δημιουργηθεῖσαν

276 2202 378 2252 τοῦ
424 2194 746 2261 πλάσαντος,
810 2198 844 2266 ἢ
912 2197 1118 2274 μᾶλλον
1174 2199 1269 2256 τοῦ
1322 2198 1618 2269 κτίσαντος,
1678 2196 1932 2274 κεράμιον

276 2283 469 2347 33110:
521 2286 903 2362 βαστάζουσαν,
957 2279 1142 2367 "ram?
1217 2287 1313 2362 μὲν
1370 2288 1405 2355 ἡ
1462 2293 1554 2342 τοῦ
1625 2286 1930 2359 Πνεύματος

279 2375 467 2455 χάρις,
530 2376 603 2437 ὡς
661 2380 689 2432 ὀ
744 2377 1126 2454 εὒαγγελιστῆς
1155 2375 1435 2443 ,Ἰωάννης
1465 2373 1716 2432 διδάσκει·
1764 2374 1927 2450 κερά-

274 2484 405 2533 μιον
466 2460 544 2537 δὲ,
607 2466 665 2519 τὸ
710 2465 988 2543 εὔθρυπτον
1058 2467 1144 2521 καὶ
1198 2466 1330 2543 πρὸς
1384 2461 1663 2543 αυντριόήν
1721 2462 1934 2523 εὔκολον

272 2556 379 2618 τῆς
438 2550 672 2629 καρδίας.
736 2546 792 2612 Ὀ
836 2556 936 2632 γάρ
978 2552 1271 2633 δεχόμενος
1315 2554 1479 2632 χάριν
1542 2552 1928 2626 πνευματικὴν,

276 2643 533 2705 ταπεινός
592 2643 699 2697 ἐστι
760 2644 847 2698 καὶ
902 2642 1338 2722 σῦντετριμμὲνος
1380 2648 1464 2722 ,τῇ
1526 2638 1708 2720 καρδίᾳ
1739 2657 1753 2670 ⁸
1817 2649 1929 2697 Τα-

552 2728 592 2746 ‘\
658 2728 680 2748 κ
706 2731 727 2748 Ἴ
1088 2719 1096 2722 ν
1379 2719 1394 2739 θ
1520 2728 1543 2747 Ν
1602 2719 1605 2720 ν
1666 2727 1688 2747 ἢ
1872 2730 1885 2747 \

274 2741 487 2792 πεινοῖς
546 2750 599 2784 οε
652 2732 827 2786 oleum
886 2732 1044 2811 χάριν
1075 2734 1103 2787 6
1136 2732 1342 2809 Κύριος.
1397 2740 1437 2787 0
1470 2731 1617 2811 είοῲς
1660 2732 1717 2784 o’s
1744 2730 1927 2784 ἐαυτον

272 2822 384 2893 γῆν
436 2819 521 2873 καὶ
578 2820 799 2896 σποδὸν,
852 2821 939 2875 καὶ
995 2818 1166 2895 λέγων
1222 2819 1357 2894 μετά
1414 2825 1506 2875 τοῦ
1563 2806 1701 2888 Ἰὼϐ,
1771 2838 1794 2871 ε
1832 2816 1927 2873 Ἐκ

272 2911 381 2982 γῆς
425 2904 480 2961 δέ
525 2928 591 2980 με
634 2906 892 2974 ἔπλασας,
931 2931 957 2961 ι»
1008 2907 1211 2972 ἐκεῖνος
1238 2908 1489 2983 βαστάσει
1517 2905 1617 2972 τὴν
1646 2915 1737 2963 τοῦ
1764 2906 1925 2960 Πνεῦ-

271 3015 441 3068 ματος
486 2995 647 3074 χάριν
710 2995 764 3051 ἐν
818 3002 895 3069 τῷ
956 2997 1321 3068 εὖκατανύκτῳ
1381 2996 1466 3050 καὶ
1537 2992 1738 3065 εὐκόλῳ
1791 2996 1921 3071 πρὸς

267 3080 551 3160 συντριϐὴν
611 3083 807 3161 ἀγγείῳ
875 3089 970 3151 τῆς
1030 3080 1242 3159 καρδίας
1302 3085 1476 3141 αὐτοῦ.
1544 3081 1921 3138 Ἀκολουθοῦν-

2014 2019 2297 2100 cor.quod
2334 2019 2501 2080 facile
2519 2017 2973 2098 confringintur;
2996 2037 3128 2079 nam
3175 2016 3660 2097 quispiritualem

2014 2110 2257 2188 gratiam
2281 2108 2514 2186 accipit,
2551 2107 2792 2168 humilis
2822 2117 2911 2167 est
2930 2116 2989 2169 et
3013 2105 3303 2166 contritus
3323 2106 3660 2168 corde.Hu-

2016 2198 2252 2258 milibus
2302 2199 2460 2257 enim
2513 2199 2610 2256 dat
2667 2195 2952 2257 Dominus
3019 2194 3288 2273 gratiam.
3325 2192 3434 2265 Qui
3463 2205 3660 2257 autem

2014 2288 2126 2346 scit
2156 2291 2416 2366 seipsum
2446 2304 2577 2347 esse
2600 2294 2819 2346 terram
2870 2294 2928 2345 et
2970 2285 3325 2363 cinerem,et
3356 2284 3495 2345 dicit
3524 2304 3657 2345 cum

2014 2374 2282 2448 Job,cDe
2304 2383 2462 2435 terra
2482 2392 2576 2434 me
2589 2373 2875 2434 formasti:
2891 2373 3025 2433 nille
3051 2380 3229 2451 portat
3260 2373 3505 2450 gratiam
3528 2371 3665 2451 Spi-

2018 2463 2169 2524 ritus
2203 2465 2261 2525 in
2292 2481 2425 2524 vase
2446 2462 2643 2523 cordis
2664 2462 2778 2529 sui.
2800 2461 2958 2542 quod
2977 2460 3146 2531 facile
3170 2462 3582 2541 compungitur
3603 2471 3662 2522 et

2016 2550 2437 2613 conteritur.Et
2454 2570 2589 2614 cum
2615 2552 2868 2613 assecuti
2900 2550 3181 2610 fuerimus
3203 2550 3352 2610 hanc
3370 2551 3659 2612 conditio-

2016 2641 2262 2714 tionem,
2294 2640 2576 2702 abeamus
2597 2640 2656 2700 in
2679 2640 2917 2701 domum
2942 2638 3360 2717 mentis,cujus
3391 2640 3657 2719 paterfa-

2014 2729 2206 2789 milias
2234 2727 2783 2802 mens,monstrabit
2809 2727 2980 2788 nobis
3010 2728 3378 2787 cmnaculum
3403 2738 3652 2789 stratum

2012 2835 2308 2895 magnum.
2340 2817 2715 2879 Cmnacnlum
2740 2824 2933 2878 autem
2963 2814 3335 2875 estsublimis
3358 2816 3656 2895 ejusmodi

2008 2906 2222 2965 mentis
2239 2904 2917 2986 capacitas,divinorum,
2944 2905 3359 2983 inquam,467
3386 2914 3445 2964 et
3468 2905 3651 2984 spiri-

2008 2994 2341 3067 tualium,in
2363 2994 2576 3073 quibus
2604 2992 2844 3063 habitat,
2874 3001 2931 3052 et
2951 2992 3011 3050 in
3037 2991 3250 3070 quibus
3272 2992 3464 3053 amice
3488 2994 3649 3053 exci-

2008 3082 2180 3160 pitur.
2216 3081 2618 3144 Strataautem
2644 3088 2779 3140 sunt
2813 3080 2970 3141 haec:
2999 3078 3145 3139 nihil
3167 3078 3325 3139 enim
3350 3080 3411 3140 in
3437 3080 3525 3140 eis
3548 3101 3648 3143 as-

266 3191 356 3232 τες
412 3169 466 3227 δὲ
524 3178 591 3247 τῇ
638 3172 859 3249 τοιαύτῃ
946 3172 1290 3246 καταστάσει,
1350 3170 1639 3250 ἀφιξόμεθα
1695 3171 1769 3233 εἷς
1821 3172 1920 3237 τὴν

2012 3189 2235 3250 perum,
2275 3171 2379 3232 sed
2410 3180 2468 3231 et
2496 3186 2706 3250 aspera
2752 3169 2811 3229 in
2872 3168 3044 3247 plana
3089 3177 3512 3229 convertuntur
3549 3172 3647 3233 tali

264 3262 363 3315 τοῦ
416 3269 507 3316 νοῦ
535 3262 724 3339 οἰκίαν,
758 3261 824 3328 ἧς
856 3263 882 3317 ὁ
941 3258 1315 3327 οἰκοδεσπότης
1369 3267 1487 3323 νοῦς
1517 3259 1752 3338 ἀνώγεον
1783 3261 1917 3333 ἡμῖν

2012 3260 2367 3323 mentizsicut
2393 3268 2450 3320 et
2470 3260 2745 3321 Salomon
2769 3253 3197 3329 dixit,a0mnia
3222 3256 3392 3335 plana
3415 3257 3645 3320 intelli-

263 3348 599 3425 ἐστρωμένον
654 3348 906 3415 ῦποδείξει
968 3348 1132 3427 μέγα.
1178 3350 1440 3427 Ἀνώγεον
1492 3349 1589 3423 μὲν
1642 3350 1677 3416 ἡ
1732 3346 1916 3423 ὑψηλὴ

2012 3350 2296 3427 gentibus,
2332 3358 2389 3409 et
2422 3355 2582 3408 recta
2599 3344 3036 3407 invenientibus
3066 3344 3511 3407 scientiam.»[d
3537 3364 3643 3408 au-

263 3443 365 3493 τοῦ
392 3438 629 3495 τοιούτου
671 3446 760 3494 νοῦ
803 3443 1069 3516 χώρησις,
1103 3440 1168 3495 τά
1195 3441 1340 3509 θεῖα,
1392 3438 1555 3518 φημὶ,
1611 3437 1698 3493 καὶ
1751 3438 1917 3503 νοητά

2012 3447 2115 3498 {em
2150 3435 2557 3517 peccatoribus
2582 3453 2698 3495 non
2735 3434 2903 3496 dixit:
2938 3432 3077 3513 quia
3100 3452 3289 3507 mens,
3327 3433 3463 3494 licet
3495 3453 3645 3514 Opus

246 3520 358 3589 of;
442 3527 770 3603 ἰγκατοικετ,
828 3528 915 3583 καὶ
973 3527 1063 3590 οῖς
1122 3525 1512 3607 ἐμφιλοχωρεῖ.
1576 3524 1915 3604 Ἐστρωμὲνα

263 3614 319 3670 δὲ
380 3616 545 3671 ταῦτά
583 3618 711 3670 εἰσιν
737 3635 750 3649 ⁸
803 3614 949 3674 οῦδὲν
1001 3618 1101 3697 γὰρ
1160 3620 1339 3679 αὐτοῖς
1397 3615 1593 3692 τραχὺ,
1644 3613 1781 3670 ἀλλά
1828 3618 1914 3671 καὶ

261 3703 330 3758 τά
372 3702 561 3759 σκολιά
611 3705 684 3769 εἷς
741 3705 947 3760 εὐθεῖαν
992 3705 1223 3783 γίνονται
1274 3710 1352 3779 τῷ
1379 3704 1604 3778 τοιούτῳ
1633 3704 1735 3783 νοὶ,
1779 3705 1914 3760 καθά

260 3796 352 3851 καὶ
407 3793 665 3871 Σολομὼν
721 3796 846 3852 εἷπε
876 3814 891 3830 ⁸
960 3816 982 3850 ιι
1054 3798 1231 3854 Πάντα
1282 3796 1430 3855 εῦθὲα
1485 3809 1601 3859 τοῖς
1656 3803 1907 3859 συνιοῦσι,

261 3885 354 3940 καὶ
412 3885 537 3963 ὀρθὰ
592 3897 710 3947 τοῖς
772 3886 1063 3964 εὑρίσκουσι
1097 3886 1315 3964 γνῶσιν.
1354 3909 1380 3940 ι
1423 3890 1531 3944 Οῦκ
1561 3884 1623 3941 ἂν
1652 3882 1705 3941 δὲ
1735 3886 1911 3964 ἀμάρ-

260 3993 377 4036 τοις
408 3974 496 4029 καὶ
548 3981 703 4030 τοῦτο
758 3973 943 4049 εἰπὼν,
1006 3973 1087 4030 ὅτι
1142 3980 1205 4031 ’0
1265 3979 1405 4046 εοῦς,
1462 3975 1506 4028 εὶ
1562 3973 1648 4028 καὶ
1703 3970 1911 4047 ὑψηλὸν

258 4067 484 4139 πρᾶγμα
538 4074 710 4141 ποιεῖ,
770 4062 905 4118 κατά
964 4062 1061 4131 τὴν
1114 4069 1208 4120 τοῦ
1266 4072 1356 4120 νοῦ
1384 4060 1650 4141 ἐνέργειαν
1686 4059 1905 4142 διάγων,

259 4146 382 4205 ἄλλ’
438 4149 527 4205 οὖν
586 4148 839 4230 ’ἑστρωται
897 4154 1041 4225 αῦτῷ
1096 4152 1130 4220 ἡ
1174 4156 1368 4229 γνῶσις
1427 4148 1527 4225 ἔτι,
1568 4151 1657 4206 καὶ
1683 4153 1905 4229 χθαμα-

257 4236 507 4317 λωτέρως
566 4237 684 4318 ἔχει
740 4238 958 4314 ’Υψηλὴ
1016 4237 1070 4296 δὲ
1127 4246 1205 4315 τῷ
1271 4239 1379 4296 ὄντι
1434 4240 1468 4307 ἡ
1547 4244 1763 4317 γνῶσις,
1819 4249 1905 4303 καὶ

256 4325 393 4399 ὒπὲρ
435 4332 538 4382 πᾶν
585 4326 719 4403 ὕψος
770 4328 825 4395 ἡ.
864 4329 994 4407 ὑπερ
1052 4337 1169 4387 νοῦν
1226 4327 1483 4407 ἀγνωσία,
1533 4326 1621 4382 ὅτε
1651 4328 1747 4383 οῦκ
1770 4326 1847 4381 ἔτι
1877 4330 1905 4383 6

258 4422 383 4479 νοῦς
440 4414 671 4496 ἐνεργεῖ,
729 4415 845 4472 ἀλλ’
900 4416 1215 4496 ἐνεργεῖται.
1265 4426 1361 4473 Δεῖ
1389 4413 1444 4471 δὲ
1474 4416 1725 4494 πρότερον
1764 4416 1904 4491 ἡμᾶς

253 4510 338 4578 τῷ
367 4507 453 4561 νοῒ
511 4505 669 4580 ἡμῶν
725 4504 984 4584 ἐνεργεῖν,
1031 4504 1134 4564 εἷθ’
1191 4505 1357 4570 οὕτως
1406 4504 1795 4584 ἐνεργησόμεθα
1836 4512 1905 4581 τῇ

253 4598 354 4650 τοῦ
410 4593 598 4671 Κυρίου
654 4590 858 4673 χάριτι,
946 4591 1307 4670 λαμϐάνοντες
1382 4596 1524 4670 ἡμᾶς
1589 4592 1767 4672 ὥσπερ
1816 4594 1905 4649 καὶ

252 4682 381 4745 τοὺς
436 4683 737 4763 προφήτας,
774 4684 861 4740 καὶ
915 4682 1219 4748 ὲξιστῶντες
1270 4684 1449 4750 πάσης
1499 4686 1723 4764 φυσικῆς
1753 4682 1900 4762 ἐνερ-

2000 3527 2297 3588 excellens
2316 3524 2668 3603 faciatjuxta
2690 3542 2857 3584 suam
2894 3521 3214 3583 efﬁcaciam
3240 3541 3439 3601 agens,
3460 3534 3643 3588 strata

1998 3622 2196 3676 tamen
2225 3616 2354 3694 ejus
2388 3614 2637 3675 scientia
2667 3620 2847 3686 est,et
2875 3610 3071 3671 adhuc
3104 3611 3417 3672 humiliora
3440 3611 3642 3678 habet.

1996 3701 2280 3765 Sublimis
2311 3714 2506 3765 autem
2553 3720 2758 3763 revera
2804 3700 3074 3773 scientia,
3110 3708 3169 3761 et
3198 3718 3378 3780 super
3395 3720 3636 3764 omnem

1996 3790 2448 3859 sublimitatem,
2504 3791 2797 3867 ignoratio
2839 3797 2948 3849 est.
2977 3805 3109 3866 quae
3132 3799 3388 3849 mentem
3439 3798 3636 3851 trans-

1993 3879 2456 3960 cendit,quando
2480 3897 2594 3939 non
2611 3877 2735 3956 jam
2770 3895 2938 3936 mens
2968 3884 3269 3956 operatur,
3289 3877 3392 3938 sed
3426 3896 3637 3958 opera-

1993 3970 2213 4031 tionem
2246 3968 2423 4029 sentit
2446 3987 2514 4028 ac
2550 3968 2785 4045 patitur.
2831 3965 3075 4043 Oportet
3106 3973 3303 4025 autem
3336 3984 3445 4026 nos
3475 3968 3639 4047 prius

1995 4067 2190 4119 mente
2236 4064 2433 4117 nostra
2465 4054 2793 4134 operari,et
2836 4053 3053 4113 deinde
3083 4053 3284 4130 gratiae
3318 4056 3639 4118 Dominicaa

1988 4147 2049 4207 in
2077 4145 2248 4206 nobis
2264 4143 2668 4223 operationem
2692 4141 3180 4219 sentiemus,quaa
3202 4159 3307 4201 nos
3325 4144 3634 4226 suscipiet,

1988 4234 2139 4295 sicut
2172 4234 2573 4314 prophetas,et
2608 4247 2710 4290 eos
2739 4229 2838 4309 qui
2870 4245 3181 4290 excessum
3224 4229 3543 4307 patiuntur,
3578 4242 3638 4293 et

1989 4314 2149 4384 omni
2174 4321 2423 4383 naturali
2448 4318 2788 4399 Operatione
2809 4317 3468 4398 destituutur.Denique
3489 4319 3638 4382 dici-

1990 4424 2083 4471 tur
2107 4409 2440 4489 Assumptio
2456 4406 2693 4471 Domini
2722 4406 2781 4466 in
2812 4405 3098 4485 propheta
3118 4405 3460 4483 hujusmodi
3476 4408 3633 4475 fieri.

1987 4502 2150 4563 Sicut
2180 4502 2356 4579 igitur
2385 4506 2443 4557 et
2474 4499 2530 4557 in
2588 4497 2700 4557 hoc
2760 4493 3128 4555 cmnaculum
3177 4501 3429 4556 stratum
3476 4498 3639 4560 venit

1984 4593 2155 4651 .lesus
2177 4608 2308 4650 curn
2341 4584 2645 4665 discipulis
2670 4584 2817 4657 suis,
2850 4590 2908 4643 et
2942 4586 3218 4663 mysteria
3245 4584 3472 4658 perlicit
3500 4605 3514 4649 :
3555 4586 3637 4649 ita

1986 4680 2145 4742 venit
2175 4678 2246 4738 ad
2273 4696 2400 4757 nos,
2430 4683 2488 4736 et
2512 4692 2677 4735 suam
2712 4671 2973 4733 ostendit
3004 4672 3346 4744 etlicaciam,
3373 4674 3478 4735 sed
3514 4694 3636 4737 non

252 4771 428 4851 γείας,
479 4756 727 4848 ’Ἃμὲλει
774 4770 985 4852 λέγεται
1037 4771 1229 4848 λῆμμα
1287 4773 1471 4852 Κυρίου
1511 4756 1578 4829 ’ἐν
1633 4770 1767 4845 τῷδε
1822 4756 1899 4849 τῷ

2012 4776 2255 4849 expectat
2284 4776 2348 4849 ut
2379 4756 2485 4825 nos
2508 4762 2813 4824 veniamus
2835 4762 2904 4821 ad
2932 4780 3092 4824 eum.
3112 4762 3403 4842 Discipuli
3433 4774 3632 4826 autem

252 4849 509 4939 προφήτῃ
564 4860 827 4939 γενέσθαι,
854 4849 859 4850 ί
891 4849 1107 4937 ’Ὠσπερ
1163 4861 1252 4919 οὖν
1304 4849 1567 4917 κάνταῦθα
1608 4864 1703 4918 τοῦ
1754 4861 1898 4919 ἀνω-

2012 4855 2627 4920 ίεώἰῡείευηιοιιιιιθε
2639 4869 2947 4912 sermones
2958 4868 3155 4913 rerum
3168 4850 3637 4930 gestarumTunc

253 4938 386 5026 γέου
438 4938 626 5005 τούτου
686 4948 1040 5027 ἐστρωμένου,
1099 4948 1314 5029 ἔρχεται
1382 4951 1410 5005 6
1487 4946 1714 5016 ’Ἰησοῦς
1766 4952 1901 5025 μετά

2012 4948 2159 5026 gitur
2205 4963 2336 5006 cum
2379 4941 2721 5022 operabitur
2750 4940 2811 5000 in
2857 4940 3027 5001 nobis
3068 4938 3354 5014 Verbum,
3389 4942 3634 5004 Pascha:

251 5040 365 5093 τῶν
416 5039 667 5111 μαθητῶν
726 5038 907 5111 αῦτοῦ,
974 5038 1063 5094 καὶ
1104 5036 1253 5094 τελεῖ
1293 5038 1360 5094 τά
1415 5038 1700 5115 μυστήρια,
1747 5036 1904 5117 ἐρχό-

2012 5034 2381 5113 ntelligemus
2431 5030 2942 5110 participationem
2978 5030 3107 5091 :vel
3142 5030 3333 5110 potius
3390 5030 3635 5094 erudie-

254 5144 420 5202 μενος
453 5122 609 5187 αὐτὸς
666 5126 796 5204 πρὸς
852 5126 1021 5200 ἡμᾶς,
1067 5127 1157 5183 καὶ
1202 5128 1301 5193 την
1332 5125 1526 5183 οἰκείαν
1555 5130 1711 5185 αὐτοῦ
1752 5127 1902 5206 ἐνέρ-

2012 5127 2205 5185 nuriu
2235 5119 2612 5182 sermonibus
2662 5136 2865 5179 rerum
2915 5119 3196 5183 factarum
3249 5119 3414 5199 juxta
3458 5120 3631 5198 illud,

254 5211 408 5292 γείαν
438 5213 706 5292 ἐμφαίνων
729 5215 890 5289 ἡμῖν,
922 5212 1045 5270 ἀλλ’
1088 5214 1183 5273 οὒκ
1226 5214 1502 5273 ἀναμένων
1543 5215 1686 5289 ἡμᾶς
1735 5214 1905 5273 ἐλθεῖν

2012 5212 2220 5274 Videbo
2242 5214 2425 5272 caelos
2446 5226 2628 5289 opera
2656 5208 2974 5287 digitorum
3008 5218 3306 5271 tuorum.)

254 5301 391 5381 πρὸς
416 5302 574 5360 αὒτδν
602 5299 704 5364 ἔτι.
736 5304 979 5369 Μαθηταὶ
1001 5302 1056 5360 δὲ
1084 5310 1177 5361 τοῦ
1206 5311 1337 5361 Θεοῦ
1371 5304 1565 5382 Λόγου,
1625 5304 1819 5369 πάντες
1879 5310 1929 5365 οἱ
1985 5303 2135 5381 λόγοι
2186 5309 2290 5358 τῶν
2335 5300 2657 5379 γεγονότων.
2708 5298 2836 5356 Τότε
2866 5305 2953 5353 οῦν
2985 5297 3109 5354 ὅταν
3138 5302 3328 5377 ἐνεργῇ
3356 5298 3410 5354 ἐν
3438 5301 3577 5373 ἡμῖν
3606 5302 3635 5358 6

256 5389 458 5469 Λόγος,
490 5390 589 5458 τὴν
619 5398 711 5448 τοῦ
740 5392 938 5472 Πάσχα
967 5391 1273 5470 μετάληψιν
1304 5394 1627 5470 συνήσομεν,
1659 5392 1865 5469 μᾶλλον
1894 5393 1950 5451 δί
1977 5391 2458 5464 συνετισθησόμεθα
2486 5390 2577 5443 καὶ
2620 5389 2742 5451 τοὺς
2779 5386 2968 5463 λόγους
3015 5388 3117 5443 τῶν
3145 5390 3466 5465 γεγονότων,
3502 5390 3635 5445 κατὰ

253 5480 345 5555 τδ,
383 5499 410 5535 ι
443 5477 707 5555 ’Ὀψομαι
736 5481 857 5544 τοὺς
887 5482 1159 5561 οὐρανοὺς,
1192 5481 1320 5561 ἔργα
1349 5488 1455 5540 τῶν
1487 5481 1765 5539 δακτύλων
1792 5503 1911 5543 σου.
1948 5506 1974 5541 ε

581 5638 845 5704 PmtoL.
889 5641 1004 5705 Gn.
1048 5641 1321 5707 CXXIII.
3213 5637 3317 5705 34.
