4126 6282
2025 108 2037 143 ὶ

542 238 691 314 1067
1442 246 2037 320 THEOPHYLACTI
2080 258 2102 319 Ι

2190 251 2491 321 LGARI/E
2516 250 2872 324 ARCHIEP.
3752 221 3892 333 ιοθι

617 385 805 478 vena.
833 386 1050 478 14-20.
1076 411 1115 478 ,α
1152 389 1222 478 Et
1251 405 1381 450 cum
1406 388 1526 465 jam
1552 396 1711 450 esset
1741 390 2095 469 tempestivu

2207 397 2244 446 Α
2357 415 2381 445 ι(
2434 394 2528 449 Καὶ
2578 392 2663 448 ὅτε
2710 395 2920 472 ἐγένετο
2964 400 2997 465 ἡ
3043 398 3177 478 ὥρα,
3222 399 3443 457 ἀνέπεσε
3483 419 3495 433 ·
3530 403 3617 458 καὶ
3649 404 3696 457 οἱ
3727 400 3895 459 δώδεκα

533 475 1249 568 ξοουθυὶιῄιοᾶιιοιίθιςίω
1274 478 1519 556 apostoli
1543 496 1676 539 cum
1711 478 1883 539 eo.Et
1912 480 1992 540 ait
2025 480 2102 540 illi

2276 480 2565 537 ἀπόστολοι
2599 484 2690 539 σὺν
2733 489 2900 559 αὐτῷ,
2964 489 3061 545 Καὶ
3092 475 3245 545 ἠείπε
3301 491 3430 568 πρὸς
3490 492 3702 554 αὐτούς’
3764 490 3895 548 Ἐπι-

530 563 841 627 Desiderio
893 566 1225 629 desideravi
1275 568 1387 627 hoc
1419 568 1635 646 pascha
1665 567 1982 629 comedere
2014 568 2102 630 vol

2272 571 2427 645 θυμία
2471 571 2774 647 ἐπεθύμησα
2817 584 2970 634 τοῦτο
3012 579 3073 632 τὸ
3139 563 3566 657 παίσχα1φαγεῖν
3612 580 3731 654 μεθ’
3773 581 3895 655 ὑμῶν

532 673 696 717 scum
730 663 1047 737 antequam
1099 657 1306 736 patiar.
1359 656 1500 718 Dico
1537 658 1695 719 enim
1727 658 1910 739 vobis,
1947 660 2102 739 posti

2269 661 2369 731 πρὸ
2426 670 2518 719 τοῦ
2576 681 2643 735 με
2700 666 2910 723 παθεῖν.
2974 666 3127 743 Λέγω
3183 668 3281 745 γὰρ
3348 669 3499 743 ὑμῖν,
3574 668 3654 724 ὅτι
3708 673 3800 727 οὐκ
3836 668 3894 725 ἔτι

530 764 647 807 non
681 746 853 809 edam
886 748 1046 807 ultra
1079 766 1145 808 ex
1174 747 1479 821 eo,donec
1503 747 1876 826 compleatur
1907 749 1963 808 in
1997 767 2101 825 reg

2267 751 2325 806 οὔ
2380 750 2456 823 μὴ
2515 750 2669 828 φάγω
2724 750 2776 816 ἐξ
2824 755 3005 826 αὐτοῦ,
3064 753 3163 819 ἕως
3237 754 3359 813 ὅτου
3416 757 3676 835 πληρωθῇ
3734 758 3787 813 ἐν
3842 764 3895 832 τῇ

528 833 655 927 Dei.
682 836 753 897 Et
783 845 1029 917 accepto
1062 836 1275 927 poculo
1305 837 1522 914 gratias
1574 836 1712 927 egit,
1748 855 1814 897 ac
1844 836 2028 927 dixit:

2261 837 2504 913 βασιλείᾳ
2547 846 2638 896 τοῦ
2683 848 2833 904 Θεοῦ,
2886 844 2983 900 Καὶ
3027 842 3305 920 δεξάμενος
3362 833 3658 925 ποτήριον,
3691 851 3886 927 εὔχαρι·

526 926 706 1006 cipite
736 928 867 1001 hoc,
895 926 1213 987 etdividite
1247 925 1401 986 inter
1452 944 1573 987 vos.
1601 925 1739 985 Dico
1777 926 1931 987 enim
1989 926 2097 985 vob

2262 930 2462 996 στήσας
2492 930 2616 985 εἶπε
2647 948 2663 965 ·
2706 927 2906 987 Λάϐετε
2963 941 3138 1013 τοῦτο,
3173 936 3259 990 καὶ
3308 933 3642 1011 διαμερίσατε
3675 925 3889 998 ἑαυτοῖς,

524 1018 678 1096 quod
705 1036 822 1077 non
852 1016 1053 1077 bibam
1084 1016 1158 1076 de
1184 1015 1379 1075 fructu
1402 1014 1559 1085 vitis,
1586 1014 1775 1076 donec
1796 1032 2039 1092 regnum
2073 1013 2102 1074 I

2261 1018 2414 1095 Λέγω
2471 1020 2570 1095 γὰρ
2615 1020 2765 1098 ὑμῖν,
2813 1019 2893 1076 ὅτι
2938 1026 2997 1081 οὔ
3041 1023 3118 1096 μη
3162 1023 3266 1078 πίω
3310 1022 3413 1079 ἀπὸ
3454 1026 3546 1080 τοῦ
3576 1026 3890 1097 γεννήματος

528 1105 748 1167 veniat.
781 1104 853 1166 Et
873 1114 1115 1183 accepto
1151 1122 1323 1183 pane,
1361 1122 1493 1163 cum
1527 1104 1746 1180 gratias
1777 1104 2015 1180 egisset,
2050 1103 2101 1164 fr

2257 1111 2355 1173 τῆς
2385 1106 2648 1187 ἀμπέλου,
2700 1107 2800 1171 ἕως
2849 1108 2971 1169 ὅτου
2998 1113 3032 1178 ἦ
3065 1110 3305 1186 βασιλεία
3337 1119 3429 1168 τοῦ
3460 1119 3592 1170 Θεοῦ
3622 1112 3773 1188 ἔλθη.
3809 1115 3889 1170 Καὶ

522 1194 623 1270 git,
679 1212 746 1256 ac
797 1194 961 1256 dedit
993 1195 1099 1269 eis,
1136 1193 1342 1253 dicens
1382 1213 1394 1251 :
1428 1191 1551 1252 Hoc
1583 1199 1673 1252 est
1703 1211 1917 1270 corpus
1950 1211 2102 1252 mem

2255 1193 2430 1250 λαϐὼν
2475 1193 2652 1272 ἄρτον,
2706 1198 3096 1276 εὐχαριστήσας
3147 1198 3358 1273 ἕκλασε,
3408 1203 3495 1256 καὶ
3558 1199 3750 1256 ἔδωκεν
3804 1202 3885 1256 αὖ·

521 1284 679 1362 quod
714 1303 817 1364 pro
850 1283 1013 1344 vobis
1043 1284 1232 1343 datur.
1268 1280 1396 1342 Hoc
1427 1280 1598 1341 facite
1629 1281 1688 1340 in
1724 1282 1836 1341 mei
1888 1282 2095 1342 record

2253 1298 2395 1357 τοῖς,
2455 1284 2625 1363 λέγων
2660 1302 2673 1315 '
2710 1288 2871 1343 Τοῦτό
2908 1286 3018 1344 ἐστι
3055 1291 3115 1344 τὸ
3156 1290 3310 1365 σῶμά
3342 1311 3465 1363 μου,
3511 1292 3573 1345 τὸ
3595 1290 3726 1368 ὑπὲρ
3754 1292 3885 1365 ὑμῶν

521 1372 768 1434 tionem.
805 1371 1089 1434 Similiter
1120 1380 1177 1431 et
1217 1370 1493 1450 poculum
1549 1378 1853 1449 postquam
1890 1388 2102 1431 cmnav;

2252 1372 2543 1450 διδόμενον,
2599 1381 2752 1430 τοῦτο
2814 1390 3019 1432 ποιεῖτε
3094 1379 3166 1440 εἰς
3222 1380 3321 1445 τὴν
3379 1379 3512 1453 ἐμὴν
3574 1379 3878 1453 ἀνάμνησιν

514 1461 744 1532 dicens:
779 1462 901 1525 Hoc
930 1461 1204 1542 poculum
1240 1479 1450 1520 novum
1484 1458 1920 1519 Testamentum
1954 1460 2010 1519 in
2035 1478 2102 1520 sa

2246 1464 2500 1527 ὡσαύτως
2543 1464 2632 1519 καὶ
2673 1465 2734 1519 τὸ
2777 1466 3033 1543 ποτήριον
3082 1468 3216 1540 μετὰ
3247 1470 3308 1523 τὸ
3341 1465 3649 1538 δειπνῆσαι,
3696 1466 3879 1545 λέγων’

513 1552 691 1629 guine
744 1571 898 1627 meo,
934 1550 1036 1630 qui
1093 1567 1197 1629 pro
1255 1548 1420 1610 vobis
1478 1548 1837 1609 effundetnr.
1874 1568 1902 1607 ι
1939 1546 2102 1608 Pascl

2246 1563 2409 1609 Τουτο
2467 1555 2528 1608 τὸ
2572 1553 2825 1631 ποτήριον
2884 1556 2917 1620 ἡ
2980 1556 3146 1622 Καινὴ
3199 1558 3436 1626 Διαθήκη
3490 1556 3543 1611 ἐν
3584 1564 3661 1631 τῷ
3706 1549 3883 1626 αἵματί

514 1649 739 1703 stantes
772 1639 1191 1719 comedebant,
1228 1637 1528 1718 quomodo
1562 1637 1736 1715 igitur
1767 1636 2102 1725 Dominusr

2190 1662 2368 1723 Βμου,
2429 1643 2490 1697 το
2532 1641 2661 1718 ὑπὲρ
2692 1643 2839 1714 ὑμῶν
2889 1642 3267 1722 ἐκχυνόμενον.
3307 1669 3334 1700 ο
3397 1648 3468 1703 Τὸ
3498 1648 3693 1725 Πάσχα
3736 1647 3879 1701 ἱστά-

514 1730 797 1793 cumbere
837 1727 1085 1790 dicitur?
1133 1727 1344 1789 Dicunt
1388 1728 1583 1805 itaque
1634 1724 1788 1802 quod
1850 1734 2095 1805 postqua

2244 1752 2390 1804 μενοι
2448 1729 2653 1797 ἤσθιον
2702 1737 2814 1793 πῶς
2872 1730 2960 1787 οὖν
3004 1734 3031 1788 6
3082 1734 3264 1811 Κύριος
3314 1724 3877 1812 άναπεσεῖννλέγεται,

511 1822 766 1882 comedit
793 1819 983 1898 legale
1028 1819 1265 1898 pascha,
1306 1815 1710 1877 recubuerunt
1742 1833 1906 1875 more
1938 1815 2102 1893 vulga

2240 1817 2492 1896 Λέγουσιν
2543 1820 2630 1874 οὖν
2675 1816 2755 1873 ὅτι
2802 1819 2935 1891 μετὰ
2975 1820 3037 1875 τὸ
3069 1834 3262 1899 φαγεῖν
3304 1823 3366 1877 τὸ
3398 1825 3613 1897 νομικὸν
3670 1824 3873 1901 πάσχα,

512 1909 897 1971 comedentes
941 1908 1087 1968 alios
1117 1905 1401 1986 quosdam
1455 1904 1639 1966 cibos.
1674 1902 1825 1964 Dicit
1857 1912 2048 1963 autem
2082 1924 2102 1965 ε

2238 1906 2494 1963 ἀνέπεσον
2549 1905 2745 1963 λοιπὸν
2821 1914 2983 1982 κοινῷ
3054 1911 3233 1988 τρόπῳ
3271 1912 3530 1972 ἐσθίοντες
3586 1909 3722 1966 ἄλλα
3770 1913 3875 1966 τινὰ

507 1999 835 2077 discipulos
865 2020 877 2061 :
913 1996 1223 2060 Desiderio
1257 1994 1583 2056 desideravi
1621 1995 1732 2055 hoc
1762 1995 1975 2073 pascha
1993 2013 2102 2055 mai

2235 1995 2515 2072 βρώματα.
2573 1997 2713 2061 Φησὶ
2784 1993 2839 2050 δὲ
2882 1999 3012 2073 πρὸς
3079 2000 3201 2060 τοὺς
3258 2000 3500 2074 μαθητάς
3535 2015 3549 2028 ⁸
3603 1999 3875 2075 Ἐπιθυμίᾳ

506 2088 725 2150 ducare
759 2086 1437 2165 vobiscum,priusquam
1470 2083 1676 2163 patiar;
1703 2083 1870 2163 quasi
1902 2084 2099 2145 dicere

2235 2084 2542 2160 ἐπεθύμησα
2601 2094 2756 2143 τοῦτο
2798 2086 2860 2141 τὸ
2917 2087 3106 2166 πάσχα
3176 2100 3369 2166 φαγεῖν
3426 2086 3541 2162 μεθ’
3579 2090 3727 2163 ὑμῶν
3784 2092 3875 2165 πρὸ

502 2175 640 2239 Haec
665 2188 927 2240 extrema
958 2194 1126 2237 coma
1157 2192 1289 2234 mea
1334 2182 1425 2233 est
1464 2173 1788 2246 vobiscum,
1836 2173 2059 2232 idcirco
2092 2196 2102 2234 ι

2232 2179 2321 2229 τοῦ
2380 2195 2447 2247 με
2504 2174 2696 2229 παθεῖν
2733 2190 2746 2203 ⁸
2793 2196 2820 2227 ι
2854 2176 3045 2230 ὡσανεὶ
3074 2183 3224 2232 τοῦτο
3255 2174 3406 2253 ἔλεγε
3439 2193 3454 2209 ⁸
3491 2177 3655 2233 Τοῦτό
3698 2198 3791 2251 μοι
3817 2180 3871 2231 τὸ

504 2276 669 2344 grata
699 2276 756 2329 et
794 2265 1155 2338 desirabilis;
1188 2280 1321 2323 nam
1357 2260 1508 2321 ultra
1537 2260 1839 2321 vobiscum
1869 2281 1985 2321 non
2013 2280 2102 2322 ειη

2229 2260 2535 2318 τελευταῖον
2585 2260 2799 2318 δεῖπνον
2845 2262 2959 2337 μεθ’
3018 2265 3163 2339 ὑμῶν
3198 2283 3213 2300 ·
3247 2265 3325 2320 διὸ
3348 2267 3434 2321 καὶ
3463 2265 3741 2342 ἀγαπητόν
3787 2279 3869 2340 μοι

500 2357 908 2417 convivaturus
938 2376 951 2417 :
986 2355 1135 2415 sicut
1163 2360 1219 2412 et
1252 2368 1495 2431 peregre
1528 2351 1848 2428 profecturi
1897 2357 2101 2428 postre

2224 2352 2309 2405 καὶ
2363 2352 2683 2426 ἐπιθυμητὸν
2747 2350 2890 2406 ἐστιν
2926 2371 2938 2383 ⁶
3002 2351 3192 2409 ἄλλοτε
3246 2354 3345 2432 γὰρ
3403 2352 3517 2429 μεθ’
3588 2357 3736 2429 ὑμῶν
3784 2356 3869 2410 οὐκ

497 2461 593 2504 ma
617 2444 909 2524 colloquia
933 2461 1065 2503 cum
1084 2434 1741 2503 maxime'familiarihus
1760 2442 2011 2502 suaviter
2035 2445 2102 2504 mi

2220 2438 2630 2515 ἐστιασθήσομάι
2666 2460 2678 2473 ’
2738 2439 2916 2514 ὥσπερ
2979 2444 3065 2496 καὶ
3122 2445 3167 2498 οἱ
3220 2442 3505 2517 μέλλοντες
3576 2440 3866 2518 ἀποδημή-

494 2536 799 2597 scent.Vel
826 2529 1367 2595 aliter:Desideravi
1394 2531 1502 2591 hoc
1528 2530 1745 2609 pascha
1779 2530 2099 2594 manducar

2217 2549 2349 2607 σειν,
2409 2530 2475 2585 τὰ
2526 2528 2811 2585 τελευταῖα
2866 2532 3302 2609 προσφωνήματα
3358 2544 3475 2596 τοῖς
3528 2533 3739 2594 οἰκείοις
3781 2552 3863 2604 καὶ

492 2622 821 2703 vobiscum,
866 2642 934 2683 eo
969 2621 1123 2701 quod
1166 2638 1375 2697 magna
1414 2619 1694 2698 mysteria
1722 2618 1782 2678 in
1826 2619 1933 2681 hac
1964 2621 2097 2682 vobi

2212 2620 2446 2695 γνησίοις
2504 2617 2752 2696 ἡδύτερον
2813 2620 2898 2674 καὶ
2948 2623 3309 2699 ποθεινότερον
3351 2623 3703 2699 προσάγουσι.
3752 2618 3850 2680 Καὶ

490 2728 659 2775 εωιια
688 2714 796 2775 sim
830 2709 1539 2789 tracliturus,4t58nempe
1571 2726 1638 2769 ea
1669 2726 1798 2788 qua:
1829 2712 2102 2773 suntNov

2215 2704 2390 2770 ἄλλως
2439 2704 2493 2762 δέ
2527 2722 2541 2737 ⁸
2603 2707 2944 2781 Ἐπεθύμησα
2986 2719 3139 2767 τοῦτο
3183 2712 3244 2765 τὸ
3293 2711 3479 2788 πάσχα
3511 2722 3705 2789 φαγεῖν
3751 2708 3859 2783 μεθ’

490 2802 877 2864 Testamenti.
932 2800 1236 2879 Signiﬁcat
1277 2807 1470 2858 autem
1521 2814 1626 2877 per
1654 2797 1802 2876 haec,
1838 2798 1993 2876 quod
2025 2819 2102 2860 vo

2213 2796 2382 2869 ὑμῶν,
2442 2794 2571 2852 διότι
2626 2797 2691 2853 τὰ
2749 2794 2959 2874 μεγάλα
3019 2799 3282 2877 μυστήρια
3341 2798 3395 2854 ἐν
3452 2799 3626 2870 τούτῳ
3682 2798 3854 2873 μέλλω

486 2888 739 2953 luntarie
770 2893 1039 2972 patiatur.
1075 2892 1310 2950 Poterat
1340 2888 1497 2949 enim
1539 2888 1778 2946 omnino
1821 2888 2102 2951 secedere

2215 2883 2530 2963 παραδοῦναι
2562 2887 2713 2965 ὑμῖν,
2767 2887 2833 2943 τὰ
2885 2889 2982 2952 τῆς
3036 2888 3234 2953 Καινῆς
3270 2889 3563 2956 Διαθήκης,
3602 2887 3777 2954 Δηλοῖ
3806 2885 3851 2941 δὲ

485 2979 636 3040 sicut
666 2991 725 3043 et
756 2970 884 3042 aliis
909 2976 1294 3056 temporibus,
1322 2995 1454 3036 cum
1488 2974 1666 3036 sciret
1696 2993 1759 3036 se
1794 2994 2098 3056 passurum

2213 2970 2296 3028 διὰ
2353 2974 2566 3048 τσύτου,
2628 2973 2709 3030 ὅτι
2766 2975 2901 3030 ἑκὼν
2978 2976 3205 3055 πάσχει.
3280 2974 3438 3042 Ἐξῆν
3495 2979 3595 3054 γὰρ
3655 2979 3850 3039 πάντως

484 3065 652 3139 Quod
673 3079 867 3131 autem
899 3065 1196 3141 dicit,Non
1229 3065 1424 3125 bibam
1451 3065 1849 3145 illum,donec
1878 3084 2125 3143 regnum

483 3155 588 3218 Dei
620 3158 832 3232 veniat,
883 3156 1117 3236 quidam
1152 3161 1489 3214 sanctorum
1524 3154 1967 3225 intellexerunt,
2003 3153 2124 3215 Do-

479 3264 591 3307 nec
624 3244 1098 3326 resurgam.Post
1116 3242 1606 3304 resurrectionem
1628 3243 1783 3302 enim
1807 3261 2123 3304 conversa-

480 3344 576 3395 tus
609 3344 696 3396 est
725 3356 854 3397 cum
882 3332 1282 3413 discipulis,et
1311 3331 1655 3405 comedit,et
1687 3331 1829 3391 bibit
1852 3351 1985 3391 cum
2012 3333 2115 3392 eis:

478 3422 631 3484 sicut
657 3432 713 3486 et
737 3428 943 3486 Petrus
973 3422 1043 3483 ad
1078 3420 1414 3484 Cornelium
1443 3420 1586 3479 dicit
1620 3438 1632 3482 :
1667 3440 1694 3478 ι
1720 3419 1831 3491 Qui
1864 3422 2122 3482 comedi-

478 3530 608 3573 mus
639 3522 697 3574 et
726 3513 983 3574 bibimus
1016 3530 1145 3571 cum
1182 3529 1250 3570 eo
1287 3519 1414 3588 post
1445 3510 1947 3569 resurrectionem
1973 3511 2115 3570 ιδ’.»

472 3599 638 3673 Quod
670 3610 866 3663 autem
910 3618 1154 3678 regnum
1188 3598 1295 3658 Dei
1326 3597 1402 3657 sit
1426 3598 1802 3671 resurrectio,
1839 3600 2117 3660 manifes-

471 3698 592 3752 tum
627 3701 736 3754 est.
775 3688 1152 3754 Resurrectio
1186 3687 1343 3747 enim
1381 3686 1670 3746 destruxit
1704 3696 1978 3748 mortem:
2014 3708 2117 3751 re-

467 3784 665 3858 gnavit
694 3789 888 3842 autem
920 3796 1079 3838 mors
1122 3776 1193 3836 ab
1244 3775 1438 3836 Adam
1471 3794 1656 3854 usque
1689 3776 1759 3836 ad
1793 3777 2113 3860 Christum;

467 3876 607 3932 tunc
636 3879 828 3930 autem
864 3868 1182 3944 destructa,
1204 3864 1497 3925 concessit
1526 3865 1779 3926 Domino
1812 3867 2110 3928 victoriam

466 3965 525 4019 et
554 3977 804 4039 regnum
832 3979 843 4020 :
880 3954 1379 4037 quemadmodum
1413 3953 1634 4015 dictum
1659 3962 1781 4014 est:
1825 3953 1969 4017 «Ubi
2001 3964 2111 4038 est,

462 4066 647 4125 mors,
690 4047 929 4111 victoria
963 4054 1060 4105 tua
1084 4044 1175 4103 16?
1207 4053 1264 4103 et
1294 4043 1474 4104 David
1511 4063 1524 4104 :
1565 4045 1882 4105 «Dominus
1910 4063 2117 4123 regna-

457 4140 562 4216 vit;
598 4161 626 4199 )
664 4138 883 4201 deinde
939 4136 1337 4227 interpretans
1392 4134 1689 4227 quomodo
1738 4136 2111 4227 regnaverit;

464 4226 1032 4307 «Decorem,inquit,
1063 4223 1305 4283 indutus
1329 4222 1992 4301 est,»incorruptionem
2017 4222 2112 4287 ac;

2213 3066 2376 3143 αὐτῷ,
2424 3061 2607 3131 ἐπειδή
2641 3063 2923 3142 ἐγίνωσκεν
2953 3062 3034 3119 ὅτι
3084 3062 3268 3139 μέλλει
3310 3068 3523 3138 παθεῖν,
3557 3067 3846 3145 ὑπαναχω-

2211 3154 2392 3230 ρῆσαι,
2467 3152 2645 3231 ὥσπερ
2702 3154 2799 3208 κάν
2856 3153 2977 3218 τοῖς
3052 3154 3322 3232 προτέροις
3374 3168 3606 3233 καιροῖς.
3656 3157 3729 3213 Τὸ
3776 3154 3848 3235 δὲ,

2215 3263 2239 3296 ιι
2288 3245 2360 3300 O6
2417 3242 2495 3318 μὴ
2559 3242 2663 3297 πίω
2718 3243 2865 3316 αὐτὸ,
2913 3241 3014 3307 ἕως
3052 3242 3174 3299 ὅτου
3222 3246 3256 3311 ἡ
3313 3242 3554 3319 βασιλεία
3602 3247 3696 3301 τοῦ
3728 3252 3853 3300 Θεοῦ

2210 3329 2359 3411 ἔλθη,
2399 3354 2420 3387 ιι
2484 3332 2624 3394 τινὲς
2671 3332 2777 3388 τῶν
2820 3331 2981 3409 ἁγίων
3038 3332 3287 3408 ἐνόησαν,
3334 3332 3447 3389 ἀντὶ
3488 3340 3601 3406 τοῦ,
3638 3331 3850 3413 ’¹Αχρις

2207 3423 2265 3476 οὒ
2294 3420 2526 3482 ἀναστῶ,
2587 3420 2733 3476 Μετὰ
2788 3421 2887 3499 γὰρ
2933 3421 3034 3487 τὴν
3076 3422 3363 3482 ἀνάστασιν
3418 3421 3851 3499 συναυλιζόμενος

2205 3522 2321 3572 τοῖς
2381 3509 2674 3585 μαθηταῖς,
2737 3511 2825 3566 καὶ
2882 3509 3169 3589 συνέφαγε,
3211 3513 3298 3567 καὶ
3356 3510 3595 3589 συνέπιεν
3624 3512 3845 3575 αὐτοῖς·

2203 3598 2380 3675 ὥσπερ
2424 3602 2510 3655 καὶ
2558 3599 2754 3677 Πέτρος
2800 3601 2928 3677 φησὶ
2971 3602 3101 3677 πρὸς
3148 3599 3439 3679 Κορνήλιον
3467 3616 3481 3630 ·
3550 3624 3579 3655 ι
3638 3602 3849 3663 υἷ’τινες

2203 3688 2565 3768 συνεφάγομεν
2621 3689 2710 3744 καὶ
2767 3690 3077 3763 συνεπίομεν
3131 3690 3275 3764 αὐτῷ
3320 3691 3456 3765 μετὰ
3484 3690 3581 3757 τὴν
3608 3690 3847 3748 ἀνάστα-

2201 3799 2304 3839 σιν,
2342 3800 2369 3832 »
2423 3767 2553 3835 "Ott
2585 3775 2639 3833 δὲ
2668 3775 2908 3853 βασιλεία
2951 3784 3043 3834 τοῦ
3084 3781 3217 3835 Θεοῦ
3266 3781 3300 3846 ἡ
3358 3778 3660 3854 ἀνάστασις,
3709 3784 3849 3860 πρό-

2196 3864 2378 3933 δηλον.
2444 3858 2505 3924 Ἢ
2563 3868 2663 3945 γὰρ
2718 3866 3028 3947 ἀνάστασις,
3085 3866 3369 3933 κατάλυσις
3424 3870 3517 3924 τοῦ
3571 3858 3799 3931 θανάτου
3830 3891 3844 3905 ·

2198 3954 2496 4013 ἐϐασίλευσε
2555 3954 2608 4011 δὲ
2665 3959 2692 4012 ὁ
2745 3958 2966 4019 θάνατος
3038 3958 3143 4014 ἀπὸ
3202 3956 3372 4034 Ἀδὰμ
3427 3958 3528 4022 ἕως
3591 3966 3842 4039 Χριστοῦ’

2195 4045 2316 4101 τότε
2360 4043 2415 4102 δὲ
2473 4044 2805 4119 καταλυθεὶς,
2852 4047 3209 4126 παρεχώρησε
3260 4054 3337 4121 τῷ
3388 4048 3558 4126 Κυρίῳ
3612 4054 3713 4116 τῆς
3769 4053 3845 4107 νί-

2197 4157 2297 4201 κης
2354 4136 2443 4191 καὶ
2496 4140 2593 4201 τῆς
2642 4133 2931 4215 βασιλείας,
2993 4135 3120 4192 καθό
3165 4135 3377 4216 εἴρηται
3413 4152 3427 4166 ⁸
3495 4160 3519 4192 α
3572 4144 3681 4195 Ποῦ
3724 4163 3844 4221 σου,

2196 4228 2409 4306 θανατε,
2440 4227 2500 4280 τὸ
2528 4237 2678 4288 νῖκος
2713 4243 2730 4304 ς
2764 4242 2796 4284 )
2829 4227 2916 4281 καὶ
2959 4226 2987 4280 6
3022 4224 3212 4307 Δαυ³ιδ,
3267 4247 3290 4283 α
3360 4217 3415 4283 Ὀ
3475 4227 3665 4303 Κύριος
3709 4217 3843 4286 ἐϐαέ

455 4319 714 4398 cipiente
763 4332 1034 4397 corpore,
1083 4311 2102 4389 etdecoralodeitate,utIsaiasin-

2193 4312 2428 4373 σίλευσεν
2463 4330 2476 4346 '
2514 4337 2542 4369 »
2594 4314 2716 4369 εἶτα
2761 4314 3064 4389 ἑρμηνεύων
3106 4314 3221 4379 πῶς
3264 4313 3616 4395 ἐϐασίλευσεν,
3673 4340 3701 4373 ι
3731 4324 3839 4378 Εὗ-

453 4407 599 4487 quit:
632 4407 772 4468 «Hic
797 4406 1091 4464 formosus
1113 4401 1172 4462 in
1204 4401 1379 4475 stola,
1400 4400 1680 4461 violentia
1703 4419 1835 4461 cum
1862 4401 2095 4464 fortitu-

449 4492 588 4553 dine
613 4494 690 4552 1⁷.
728 4517 757 4547 »
793 4490 1077 4553 Dominus
1128 4507 1362 4568 quoque
1394 4495 1700 4567 postquam
1751 4492 2093 4565 resurrexit,

446 4581 637 4661 inquit
671 4601 684 4640 :
726 4606 747 4635 α
788 4582 928 4642 Data
960 4585 1049 4638 est
1079 4577 1221 4635 mihi
1253 4578 1447 4635 omnis
1489 4583 1741 4655 potestas
1771 4577 1847 4637 18.
1889 4602 1911 4635 »
1951 4578 2095 4641 Cum

444 4668 628 4749 igitur
643 4668 906 4730 venisset
926 4666 1495 4745 resurrectio,quam
1515 4683 1762 4743 regnum
1785 4664 1889 4726 Dei
1906 4669 2094 4728 nomi-

444 4760 701 4834 navit,eo
730 4757 884 4839 quod
921 4763 1167 4815 mortem
1205 4753 1521 4830 destruxit,
1548 4754 1760 4816 iterum
1796 4754 2088 4818 bibitcum

442 4848 778 4929 discipulis,
814 4844 1179 4927 persuadens
1212 4843 1522 4929 discipulis
1565 4864 1680 4905 non
1719 4844 1885 4923 juxta
1906 4863 2087 4925 appa-

434 4925 689 4999 rentiam
707 4925 930 4999 tantum
946 4925 1619 5005 resurrexisse.Quidam
1634 4941 1827 4994 autem
1841 4952 2087 5012 regnum

436 5036 719 5107 putarunt
740 5027 999 5087 futurum
1020 5029 1235 5083 statum
1267 5042 1279 5083 :
1316 5021 1524 5084 bibere
1540 5032 1736 5083 autem
1768 5022 2085 5085 Dominum

432 5116 745 5178 nobiscum
776 5118 838 5175 in
866 5114 1088 5192 futuro,
1126 5127 1230 5190 pro
1262 5112 1623 5173 revelatione
1642 5112 2079 5192 mysteriorum.

433 5206 768 5267 Laetiﬁcans
799 5202 958 5264 enim
998 5219 1107 5261 nos
1138 5200 1591 5275 exhilaratur,et
1618 5217 1866 5281 pascens
1884 5202 2081 5281 pasci-

432 5303 530 5354 tur
561 5292 920 5366 misericors,
964 5296 1020 5349 et
1064 5298 1333 5350 nostrum
1386 5298 1584 5368 potum
1618 5308 1685 5350 ac
1712 5288 2075 5365 alimoniam,

435 5380 549 5443 hoc
598 5391 705 5451 est,
739 5381 1094 5453 doctrinam,
1156 5379 1461 5460 proprium
1524 5377 1718 5440 cibum
1764 5376 2077 5441 existimat.

2183 4403 2459 4482 πρέπειαν,
2543 4404 2722 4481 φησὶν,
2805 4401 3079 4461 ἐνεδύσατο
3105 4449 3123 4477 ,
3216 4425 3241 4461 ι
3327 4404 3840 4485 ἀποφθαρτισθέντος

2182 4498 2273 4548 τοῦ
2333 4492 2603 4565 σώματος,
2691 4492 2776 4547 καὶ
2848 4497 2916 4567 τῇ
2999 4490 3211 4558 θεότητι
3278 4493 3633 4571 ὼραϊσθέντος
3669 4514 3686 4532 ·
3762 4498 3838 4560 ὡς

2184 4571 2410 4644 Ἠσαίας
2442 4582 2602 4661 φησίν
2636 4601 2649 4614 ·
2716 4603 2740 4635 ιι
2776 4581 2938 4646 Οὗτος
2993 4582 3193 4661 ὡραῖος
3247 4581 3301 4637 ἐν
3332 4582 3519 4660 στολῇ,
3552 4584 3642 4660 βία
3698 4588 3835 4661 μετὰ

2177 4670 2386 4750 ἰσχύος.
2421 4693 2449 4726 ι»
2488 4673 2585 4728 Καὶ
2616 4672 2771 4735 αὐτὸς
2797 4668 2852 4726 δὲ
2910 4673 2938 4727 6
2998 4672 3183 4749 Κύριος
3214 4674 3348 4747 μετὰ
3390 4675 3452 4729 τὸ
3508 4675 3830 4758 ἀναστῆναι,

2175 4760 2335 4838 φησίν
2366 4777 2383 4796 ·
2451 4779 2481 4819 (
2538 4757 2727 4827 Ἐδόθη
2771 4782 2862 4835 μοι
2916 4766 3059 4817 πᾶσα
3103 4759 3326 4826 ἐξουσία,
3363 4784 3391 4817 ι
3429 4768 3536 4829 Τῆς
3569 4763 3662 4821 οὖν
3691 4765 3833 4821 ἀνα-

2176 4849 2414 4914 στάσεως
2447 4847 2723 4923 ἐλθούσης,
2783 4848 2851 4916 ἢν
2893 4847 3164 4925 βασιλείαν
3212 4859 3306 4909 τοῦ
3361 4856 3493 4907 Θεοῦ
3521 4852 3829 4931 ὠνόμασεν,

2174 4940 2246 5000 ὡς
2300 4940 2393 4994 τὸν
2449 4939 2672 4994 θάνατον
2732 4937 3126 5014 καταλύσασαν,
3187 4936 3302 4995 ἔπιε
3352 4938 3510 4995 πάλιν
3560 4941 3652 4998 σὺν
3707 4959 3834 5007 τοῖς

2171 5030 2464 5102 μαθηταῖς,
2525 5028 2874 5102 πιστούμενος
2928 5027 3024 5095 τὴν
3081 5028 3389 5102 ἀνάστασιν,
3451 5031 3526 5093 ὡς
3572 5031 3632 5088 οὐ
3689 5037 3833 5091 κατὰ

2171 5117 2455 5196 φαντασίαν
2527 5116 2658 5174 ἐστί.
2741 5117 2890 5179 Τινὲς
2947 5114 3002 5172 δὲ
3045 5115 3316 5191 βασιλείαν
3355 5124 3448 5174 τοῦ
3506 5126 3662 5197 Θεοῦ,
3726 5123 3832 5191 τὴν

2168 5202 2465 5280 μέλλουσαν
2525 5205 2846 5262 κατάστασιν
2905 5203 3142 5271 ἐδέξαντο
3171 5224 3188 5237 ⁵
3236 5208 3403 5263 πίνειν
3468 5205 3523 5264 δὲ
3565 5214 3660 5267 τὸν
3712 5214 3831 5271 Κύ-

2166 5315 2275 5373 ριον
2332 5293 2386 5348 ἐν
2446 5302 2522 5369 τῷ
2567 5293 2814 5371 μέλλοντι
2861 5292 2977 5371 μεθ’
3008 5296 3188 5371 ἡμῶν,
3220 5296 3318 5363 τὴν
3344 5296 3682 5375 ἀποκάλυψιν
3716 5309 3831 5359 τῶν

2163 5382 2467 5461 μυστηρίων
2525 5383 2704 5444 αὐτοῦ.
2796 5385 3095 5464 Εὖφραίνων
3181 5385 3281 5463 γὰρ
3337 5386 3484 5461 ἡμᾶς
3535 5389 3828 5469 εὐφραίνε-

504 5547 579 5591 ιδα
614 5551 752 5615 Act,
784 5564 844 5625 χ,
878 5548 980 5609 41.
1066 5546 1122 5591 ¹⁶
1162 5547 1185 5608 l
1216 5549 1353 5610 Cor.
1388 5565 1486 5629 xv,
1518 5548 1618 5612 55.
1703 5546 1755 5590 ¹⁷
1784 5550 1900 5626 Isa,
1933 5563 2102 5633 um,

2271 5548 2328 5599 ιθ
2356 5548 2561 5617 Matth.
2592 5567 2802 5631 xxvm,
2840 5551 2933 5617 18.
