  <div class='ocr_page' id='page_1' title='image "/cluster/home/n/w/nwhite01/storage/ocr_20150623/123/mdp.39015009359079/543.png"; bbox 0 0 4126 6282; ppageno 0'>
   <div class='ocr_carea' id='block_1_1' title="bbox 452 303 3865 399">
    <p class='ocr_par' dir='ltr' id='par_1_1' title="bbox 452 303 3865 399">
     <span class='ocr_line' id='line_1_1' title="bbox 452 303 3865 399; baseline -0.008 -2"><span class='ocrx_word' id='word_1_1' title='bbox 452 334 598 399; x_wconf 83' lang='grc'><strong>1071</strong></span> <span class='ocrx_word' id='word_1_2' title='bbox 1425 322 2023 394; x_wconf 82' lang='lat' dir='ltr'><strong>THEOPHYLACTI</strong></span> <span class='ocrx_word' id='word_1_3' title='bbox 2068 319 2479 383; x_wconf 66' lang='lat' dir='ltr'><strong>BULGARI/E</strong></span> <span class='ocrx_word' id='word_1_4' title='bbox 2522 320 2883 383; x_wconf 86' lang='lat' dir='ltr'><strong>ARCHIEP.</strong></span> <span class='ocrx_word' id='word_1_5' title='bbox 3718 303 3865 374; x_wconf 67' lang='lat'><strong>107&#39;?</strong></span> 
     </span>
    </p>
   </div>
   <div class='ocr_carea' id='block_1_2' title="bbox 452 447 2132 534">
    <p class='ocr_par' dir='ltr' id='par_1_2' title="bbox 452 457 2132 529">
     <span class='ocr_line' id='line_1_2' title="bbox 452 457 2132 529; baseline -0.008 1"><span class='ocrx_word' id='word_1_6' title='bbox 452 465 601 529; x_wconf 91' lang='lat' dir='ltr'><strong>mori</strong></span> <span class='ocrx_word' id='word_1_7' title='bbox 634 466 692 526; x_wconf 89' lang='lat' dir='ltr'><strong>in</strong></span> <span class='ocrx_word' id='word_1_8' title='bbox 726 464 981 526; x_wconf 78' lang='lat' dir='ltr'><strong>salutem</strong></span> <span class='ocrx_word' id='word_1_9' title='bbox 1016 463 1349 524; x_wconf 87' lang='lat' dir='ltr'><strong>hominum.</strong></span> <span class='ocrx_word' id='word_1_10' title='bbox 1390 485 1416 514; x_wconf 77' lang='grc' dir='ltr'><strong>α</strong></span> <span class='ocrx_word' id='word_1_11' title='bbox 1441 458 1870 522; x_wconf 81' lang='lat' dir='ltr'><strong>Verumtamen</strong></span> <span class='ocrx_word' id='word_1_12' title='bbox 1894 475 1979 518; x_wconf 68' lang='lat' dir='ltr'><strong>va:</strong></span> <span class='ocrx_word' id='word_1_13' title='bbox 2002 457 2039 517; x_wconf 92' lang='lat' dir='ltr'><strong>b</strong></span> <span class='ocrx_word' id='word_1_14' title='bbox 2130 502 2132 508; x_wconf 87' lang='lat'><strong>.</strong></span> 
     </span>
    </p>
   </div>
   <div class='ocr_carea' id='block_1_3' title="bbox 2219 447 3856 534">
    <p class='ocr_par' dir='ltr' id='par_1_3' title="bbox 2219 447 3856 534">
     <span class='ocr_line' id='line_1_3' title="bbox 2219 447 3856 534; baseline -0.005 -24"><span class='ocrx_word' id='word_1_15' title='bbox 2219 456 2347 524; x_wconf 79' lang='grc' dir='ltr'>›ησὶ,</span> <span class='ocrx_word' id='word_1_16' title='bbox 2407 456 2683 534; x_wconf 74' lang='grc' dir='ltr'>πορεύεται</span> <span class='ocrx_word' id='word_1_17' title='bbox 2712 476 2723 487; x_wconf 83' lang='grc'><em>’</em></span> <span class='ocrx_word' id='word_1_18' title='bbox 2790 477 2819 509; x_wconf 72' lang='grc' dir='ltr'><strong>ε</strong></span> <span class='ocrx_word' id='word_1_19' title='bbox 2869 452 2972 532; x_wconf 71' lang='grc' dir='ltr'><strong>οὔχ</strong></span> <span class='ocrx_word' id='word_1_20' title='bbox 3030 453 3105 515; x_wconf 82' lang='grc' dir='ltr'>ὡς</span> <span class='ocrx_word' id='word_1_21' title='bbox 3156 449 3388 506; x_wconf 70' lang='grc' dir='ltr'>ἀσθενῶν</span> <span class='ocrx_word' id='word_1_22' title='bbox 3435 448 3635 524; x_wconf 82' lang='grc' dir='ltr'>ἀμῦναι</span> <span class='ocrx_word' id='word_1_23' title='bbox 3672 447 3856 518; x_wconf 71' lang='grc' dir='ltr'>ἐαυτῷ</span> 
     </span>
    </p>
   </div>
   <div class='ocr_carea' id='block_1_4' title="bbox 452 537 2132 634">
    <p class='ocr_par' dir='ltr' id='par_1_4' title="bbox 452 546 2105 634">
     <span class='ocr_line' id='line_1_4' title="bbox 452 546 2105 634; baseline -0.008 -17"><span class='ocrx_word' id='word_1_24' title='bbox 452 556 601 617; x_wconf 88' lang='lat' dir='ltr'><strong>mini</strong></span> <span class='ocrx_word' id='word_1_25' title='bbox 631 554 722 618; x_wconf 90' lang='lat' dir='ltr'><strong>illi</strong></span> <span class='ocrx_word' id='word_1_26' title='bbox 754 572 861 634; x_wconf 90' lang='lat' dir='ltr'><strong>per</strong></span> <span class='ocrx_word' id='word_1_27' title='bbox 890 571 1065 633; x_wconf 89' lang='lat' dir='ltr'><strong>quem</strong></span> <span class='ocrx_word' id='word_1_28' title='bbox 1098 549 1368 611; x_wconf 79' lang='lat' dir='ltr'><strong>traditur.</strong></span> <span class='ocrx_word' id='word_1_29' title='bbox 1410 573 1433 603; x_wconf 87' lang='lat'><strong>»</strong></span> <span class='ocrx_word' id='word_1_30' title='bbox 1470 547 1614 608; x_wconf 92' lang='lat' dir='ltr'><strong>Nam</strong></span> <span class='ocrx_word' id='word_1_31' title='bbox 1672 546 2105 627; x_wconf 71' lang='lat' dir='ltr'><strong>praedeﬁnitum</strong></span> 
     </span>
    </p>
   </div>
   <div class='ocr_carea' id='block_1_5' title="bbox 2219 537 3854 634">
    <p class='ocr_par' dir='ltr' id='par_1_5' title="bbox 2219 537 3854 622">
     <span class='ocr_line' id='line_1_5' title="bbox 2219 537 3854 622; baseline -0.005 -24"><span class='ocrx_word' id='word_1_32' title='bbox 2219 541 2318 598; x_wconf 87' lang='grc' dir='ltr'>ιλλ’</span> <span class='ocrx_word' id='word_1_33' title='bbox 2349 546 2422 607; x_wconf 82' lang='grc' dir='ltr'>ὡς</span> <span class='ocrx_word' id='word_1_34' title='bbox 2454 546 2634 622; x_wconf 82' lang='grc' dir='ltr'>ὁρίσας</span> <span class='ocrx_word' id='word_1_35' title='bbox 2692 545 2864 617; x_wconf 80' lang='grc' dir='ltr'>ἑαυτῷ</span> <span class='ocrx_word' id='word_1_36' title='bbox 2905 543 2997 597; x_wconf 78' lang='grc' dir='ltr'>τὸν</span> <span class='ocrx_word' id='word_1_37' title='bbox 3044 541 3269 597; x_wconf 80' lang='grc' dir='ltr'>θάνατον</span> <span class='ocrx_word' id='word_1_38' title='bbox 3330 537 3416 595; x_wconf 81' lang='grc' dir='ltr'><strong>ἐπὶ</strong></span> <span class='ocrx_word' id='word_1_39' title='bbox 3479 537 3713 616; x_wconf 78' lang='grc' dir='ltr'>σωτηρίᾳ</span> <span class='ocrx_word' id='word_1_40' title='bbox 3751 543 3854 591; x_wconf 82' lang='grc' dir='ltr'>τῶν</span> 
     </span>
    </p>
   </div>
   <div class='ocr_carea' id='block_1_6' title="bbox 450 624 2132 725">
    <p class='ocr_par' dir='ltr' id='par_1_6' title="bbox 450 624 2112 725">
     <span class='ocr_line' id='line_1_6' title="bbox 450 624 2112 725; baseline -0.007 -20"><span class='ocrx_word' id='word_1_41' title='bbox 450 644 691 725; x_wconf 84' lang='lat' dir='ltr'><strong>quidem</strong></span> <span class='ocrx_word' id='word_1_42' title='bbox 725 624 816 703; x_wconf 73' lang='lat' dir='ltr'><strong>est</strong></span> <span class='ocrx_word' id='word_1_43' title='bbox 845 624 926 702; x_wconf 75' lang='grc' dir='ltr'>ω’</span> <span class='ocrx_word' id='word_1_44' title='bbox 944 640 1197 721; x_wconf 87' lang='lat' dir='ltr'><strong>patiatur</strong></span> <span class='ocrx_word' id='word_1_45' title='bbox 1228 658 1240 697; x_wconf 91' lang='lat'><strong>:</strong></span> <span class='ocrx_word' id='word_1_46' title='bbox 1281 637 1383 699; x_wconf 87' lang='lat' dir='ltr'><strong>sed</strong></span> <span class='ocrx_word' id='word_1_47' title='bbox 1434 644 1493 696; x_wconf 91' lang='lat' dir='ltr'><strong>tu</strong></span> <span class='ocrx_word' id='word_1_48' title='bbox 1525 624 1707 716; x_wconf 82' lang='lat' dir='ltr'><strong>quare</strong></span> <span class='ocrx_word' id='word_1_49' title='bbox 1738 635 2015 725; x_wconf 54' lang='lat' dir='ltr'><strong>inventus</strong></span> <span class='ocrx_word' id='word_1_50' title='bbox 2046 649 2112 694; x_wconf 91' lang='lat' dir='ltr'><strong>es</strong></span> 
     </span>
    </p>
   </div>
   <div class='ocr_carea' id='block_1_7' title="bbox 2219 624 3855 725">
    <p class='ocr_par' dir='ltr' id='par_1_7' title="bbox 2219 624 3855 725">
     <span class='ocr_line' id='line_1_7' title="bbox 2219 624 3855 725; baseline -0.004 -41"><span class='ocrx_word' id='word_1_51' title='bbox 2219 632 2512 711; x_wconf 85' lang='grc' dir='ltr'>ινθρώπων,</span> <span class='ocrx_word' id='word_1_52' title='bbox 2552 656 2580 688; x_wconf 70' lang='grc' dir='ltr'><strong>ε</strong></span> <span class='ocrx_word' id='word_1_53' title='bbox 2841 630 2954 688; x_wconf 69' lang='grc' dir='ltr'>οὐαὶ</span> <span class='ocrx_word' id='word_1_54' title='bbox 2996 637 3071 704; x_wconf 83' lang='grc' dir='ltr'>τῷ</span> <span class='ocrx_word' id='word_1_55' title='bbox 3126 628 3386 706; x_wconf 78' lang='grc' dir='ltr'><strong>ἀνθρώπῳ</strong></span> <span class='ocrx_word' id='word_1_56' title='bbox 3434 626 3647 704; x_wconf 85' lang='grc' dir='ltr'>ἐκείνῳ,</span> <span class='ocrx_word' id='word_1_57' title='bbox 3679 624 3745 680; x_wconf 83' lang='grc' dir='ltr'>δι’</span> <span class='ocrx_word' id='word_1_58' title='bbox 3798 631 3855 679; x_wconf 87' lang='grc' dir='ltr'><strong>οῦ</strong></span> 
     </span>
    </p>
   </div>
   <div class='ocr_carea' id='block_1_8' title="bbox 454 711 2132 810">
    <p class='ocr_par' dir='ltr' id='par_1_8' title="bbox 454 711 2113 810">
     <span class='ocr_line' id='line_1_8' title="bbox 454 711 2113 810; baseline -0.009 -15"><span class='ocrx_word' id='word_1_59' title='bbox 454 711 668 810; x_wconf 73' lang='lat' dir='ltr'><strong>malus,</strong></span> <span class='ocrx_word' id='word_1_60' title='bbox 705 740 763 792; x_wconf 94' lang='lat' dir='ltr'><strong>et</strong></span> <span class='ocrx_word' id='word_1_61' title='bbox 790 730 871 792; x_wconf 89' lang='lat' dir='ltr'><strong>ita</strong></span> <span class='ocrx_word' id='word_1_62' title='bbox 901 711 971 790; x_wconf 84' lang='lat' dir='ltr'><strong>ad</strong></span> <span class='ocrx_word' id='word_1_63' title='bbox 1002 728 1400 809; x_wconf 83' lang='lat' dir='ltr'><strong>proditionem</strong></span> <span class='ocrx_word' id='word_1_64' title='bbox 1464 711 1733 805; x_wconf 74' lang='lat' dir='ltr'><strong>paratus?</strong></span> <span class='ocrx_word' id='word_1_65' title='bbox 1786 723 2113 803; x_wconf 79' lang='lat' dir='ltr'><strong>Propterea</strong></span> 
     </span>
    </p>
   </div>
   <div class='ocr_carea' id='block_1_9' title="bbox 2219 711 3857 810">
    <p class='ocr_par' dir='ltr' id='par_1_9' title="bbox 2219 711 3857 801">
     <span class='ocr_line' id='line_1_9' title="bbox 2219 711 3857 801; baseline -0.004 -26"><span class='ocrx_word' id='word_1_66' title='bbox 2219 719 2563 797; x_wconf 68' lang='grc' dir='ltr'>παραδίδοται.</span> <span class='ocrx_word' id='word_1_67' title='bbox 2605 741 2635 781; x_wconf 72' lang='grc' dir='ltr'><strong><em>ι</em></strong></span> <span class='ocrx_word' id='word_1_68' title='bbox 2674 712 2936 801; x_wconf 65' lang='grc' dir='ltr'><strong>ιὨριιτται</strong></span> <span class='ocrx_word' id='word_1_69' title='bbox 2967 720 3062 794; x_wconf 78' lang='grc' dir='ltr'>μὲν</span> <span class='ocrx_word' id='word_1_70' title='bbox 3094 720 3194 796; x_wconf 75' lang='grc' dir='ltr'><strong>γὰρ</strong></span> <span class='ocrx_word' id='word_1_71' title='bbox 3247 720 3463 795; x_wconf 87' lang='grc' dir='ltr'>παθεῖν,</span> <span class='ocrx_word' id='word_1_72' title='bbox 3505 713 3644 771; x_wconf 81' lang='grc' dir='ltr'>ἀλλὰ</span> <span class='ocrx_word' id='word_1_73' title='bbox 3676 714 3737 768; x_wconf 78' lang='grc' dir='ltr'><strong>σὺ</strong></span> <span class='ocrx_word' id='word_1_74' title='bbox 3779 711 3857 769; x_wconf 77' lang='grc' dir='ltr'><strong>διὰ</strong></span> 
     </span>
    </p>
   </div>
   <div class='ocr_carea' id='block_1_10' title="bbox 457 812 2112 899">
    <p class='ocr_par' dir='ltr' id='par_1_10' title="bbox 457 812 2112 899">
     <span class='ocr_line' id='line_1_10' title="bbox 457 812 2112 899; baseline -0.007 -16"><span class='ocrx_word' id='word_1_75' title='bbox 457 822 565 883; x_wconf 83' lang='lat' dir='ltr'><strong>tibi</strong></span> <span class='ocrx_word' id='word_1_76' title='bbox 591 840 677 883; x_wconf 64' lang='lat' dir='ltr'><strong>vae</strong></span> <span class='ocrx_word' id='word_1_77' title='bbox 706 819 1109 899; x_wconf 86' lang='lat' dir='ltr'><strong>adjudicatum</strong></span> <span class='ocrx_word' id='word_1_78' title='bbox 1135 824 1245 896; x_wconf 89' lang='lat' dir='ltr'><strong>est,</strong></span> <span class='ocrx_word' id='word_1_79' title='bbox 1272 815 1409 895; x_wconf 88' lang='lat' dir='ltr'><strong>quia</strong></span> <span class='ocrx_word' id='word_1_80' title='bbox 1463 817 1739 875; x_wconf 89' lang='lat' dir='ltr'><strong>iuventus</strong></span> <span class='ocrx_word' id='word_1_81' title='bbox 1769 831 1832 873; x_wconf 93' lang='lat' dir='ltr'><strong>es</strong></span> <span class='ocrx_word' id='word_1_82' title='bbox 1863 812 2112 874; x_wconf 81' lang='lat' dir='ltr'><strong>studens</strong></span> 
     </span>
    </p>
   </div>
   <div class='ocr_carea' id='block_1_11' title="bbox 458 901 2121 992">
    <p class='ocr_par' dir='ltr' id='par_1_11' title="bbox 458 901 2121 992">
     <span class='ocr_line' id='line_1_11' title="bbox 458 901 2121 992; baseline -0.008 -18"><span class='ocrx_word' id='word_1_83' title='bbox 458 910 801 992; x_wconf 87' lang='lat' dir='ltr'><strong>proditioni;</strong></span> <span class='ocrx_word' id='word_1_84' title='bbox 837 907 973 989; x_wconf 85' lang='lat' dir='ltr'><strong>quia</strong></span> <span class='ocrx_word' id='word_1_85' title='bbox 1021 908 1193 968; x_wconf 88' lang='lat' dir='ltr'><strong>etiam</strong></span> <span class='ocrx_word' id='word_1_86' title='bbox 1236 921 1487 983; x_wconf 88' lang='lat' dir='ltr'><strong>serpens</strong></span> <span class='ocrx_word' id='word_1_87' title='bbox 1545 901 1900 964; x_wconf 90' lang='lat' dir='ltr'><strong>maledictus</strong></span> <span class='ocrx_word' id='word_1_88' title='bbox 1931 908 2019 961; x_wconf 91' lang='lat' dir='ltr'><strong>est</strong></span> <span class='ocrx_word' id='word_1_89' title='bbox 2052 919 2121 961; x_wconf 91' lang='lat' dir='ltr'><strong>eo</strong></span> 
     </span>
    </p>
   </div>
   <div class='ocr_carea' id='block_1_12' title="bbox 460 991 2120 1082">
    <p class='ocr_par' dir='ltr' id='par_1_12' title="bbox 460 991 2120 1082">
     <span class='ocr_line' id='line_1_12' title="bbox 460 991 2120 1082; baseline -0.007 -21"><span class='ocrx_word' id='word_1_90' title='bbox 460 991 620 1082; x_wconf 87' lang='lat' dir='ltr'><strong>quod</strong></span> <span class='ocrx_word' id='word_1_91' title='bbox 659 998 902 1061; x_wconf 82' lang='lat' dir='ltr'><strong>servivit</strong></span> <span class='ocrx_word' id='word_1_92' title='bbox 932 995 1154 1058; x_wconf 86' lang='lat' dir='ltr'><strong>diaboli</strong></span> <span class='ocrx_word' id='word_1_93' title='bbox 1180 991 1718 1082; x_wconf 84' lang='lat' dir='ltr'><strong>consiliis.Turhati</strong></span> <span class='ocrx_word' id='word_1_94' title='bbox 1754 998 1906 1082; x_wconf 56' lang='lat' dir='ltr'><strong>sunt</strong></span> <span class='ocrx_word' id='word_1_95' title='bbox 1919 1001 2120 1051; x_wconf 89' lang='lat' dir='ltr'><strong>autem</strong></span> 
     </span>
    </p>
   </div>
   <div class='ocr_carea' id='block_1_13' title="bbox 460 1077 2119 1167">
    <p class='ocr_par' dir='ltr' id='par_1_13' title="bbox 460 1077 2119 1167">
     <span class='ocr_line' id='line_1_13' title="bbox 460 1077 2119 1167; baseline -0.008 -16"><span class='ocrx_word' id='word_1_96' title='bbox 460 1077 739 1167; x_wconf 82' lang='lat' dir='ltr'><strong>discipuli</strong></span> <span class='ocrx_word' id='word_1_97' title='bbox 771 1086 992 1147; x_wconf 88' lang='lat' dir='ltr'><strong>auditis</strong></span> <span class='ocrx_word' id='word_1_98' title='bbox 1029 1085 1215 1156; x_wconf 89' lang='lat' dir='ltr'><strong>his,et</strong></span> <span class='ocrx_word' id='word_1_99' title='bbox 1237 1083 1347 1143; x_wconf 90' lang='lat' dir='ltr'><strong>hoc</strong></span> <span class='ocrx_word' id='word_1_100' title='bbox 1372 1081 1544 1143; x_wconf 87' lang='lat' dir='ltr'><strong>latius</strong></span> <span class='ocrx_word' id='word_1_101' title='bbox 1563 1081 1760 1141; x_wconf 87' lang='lat' dir='ltr'><strong>disces</strong></span> <span class='ocrx_word' id='word_1_102' title='bbox 1780 1078 1839 1139; x_wconf 89' lang='lat' dir='ltr'><strong>in</strong></span> <span class='ocrx_word' id='word_1_103' title='bbox 1862 1077 2119 1156; x_wconf 87' lang='lat' dir='ltr'><strong>Evange-</strong></span> 
     </span>
    </p>
   </div>
   <div class='ocr_carea' id='block_1_14' title="bbox 460 1167 2117 1249">
    <p class='ocr_par' dir='ltr' id='par_1_14' title="bbox 460 1167 2117 1249">
     <span class='ocr_line' id='line_1_14' title="bbox 460 1167 2117 1249; baseline -0.008 -9"><span class='ocrx_word' id='word_1_104' title='bbox 460 1180 537 1240; x_wconf 94' lang='lat' dir='ltr'><strong>lio</strong></span> <span class='ocrx_word' id='word_1_105' title='bbox 568 1177 835 1241; x_wconf 89' lang='lat' dir='ltr'><strong>Joannis.</strong></span> <span class='ocrx_word' id='word_1_106' title='bbox 856 1174 1024 1235; x_wconf 88' lang='lat' dir='ltr'><strong>Nunc</strong></span> <span class='ocrx_word' id='word_1_107' title='bbox 1051 1180 1249 1233; x_wconf 92' lang='lat' dir='ltr'><strong>autem</strong></span> <span class='ocrx_word' id='word_1_108' title='bbox 1283 1190 1402 1231; x_wconf 87' lang='lat' dir='ltr'><strong>non</strong></span> <span class='ocrx_word' id='word_1_109' title='bbox 1432 1172 1505 1231; x_wconf 93' lang='lat' dir='ltr'><strong>de</strong></span> <span class='ocrx_word' id='word_1_110' title='bbox 1537 1168 1878 1249; x_wconf 79' lang='lat' dir='ltr'><strong>suspicione</strong></span> <span class='ocrx_word' id='word_1_111' title='bbox 1912 1167 2117 1247; x_wconf 86' lang='lat' dir='ltr'><strong>prodi-</strong></span> 
     </span>
    </p>
   </div>
   <div class='ocr_carea' id='block_1_15' title="bbox 463 1254 2120 1335">
    <p class='ocr_par' dir='ltr' id='par_1_15' title="bbox 463 1254 2120 1335">
     <span class='ocr_line' id='line_1_15' title="bbox 463 1254 2120 1335; baseline -0.008 -6"><span class='ocrx_word' id='word_1_112' title='bbox 463 1269 644 1332; x_wconf 89' lang='lat' dir='ltr'><strong>tionis</strong></span> <span class='ocrx_word' id='word_1_113' title='bbox 668 1274 890 1327; x_wconf 90' lang='lat' dir='ltr'><strong>tantum</strong></span> <span class='ocrx_word' id='word_1_114' title='bbox 931 1261 1266 1335; x_wconf 85' lang='lat' dir='ltr'><strong>turbantur,</strong></span> <span class='ocrx_word' id='word_1_115' title='bbox 1303 1260 1406 1321; x_wconf 91' lang='lat' dir='ltr'><strong>sed</strong></span> <span class='ocrx_word' id='word_1_116' title='bbox 1439 1277 1510 1321; x_wconf 86' lang='lat' dir='ltr'><strong>ex</strong></span> <span class='ocrx_word' id='word_1_117' title='bbox 1536 1258 1876 1320; x_wconf 86' lang='lat' dir='ltr'><strong>turbatione</strong></span> <span class='ocrx_word' id='word_1_118' title='bbox 1925 1255 2024 1317; x_wconf 90' lang='lat' dir='ltr'><strong>illa</strong></span> <span class='ocrx_word' id='word_1_119' title='bbox 2046 1254 2120 1316; x_wconf 89' lang='lat' dir='ltr'><strong>ad</strong></span> 
     </span>
    </p>
   </div>
   <div class='ocr_carea' id='block_1_16' title="bbox 464 1344 2122 1426">
    <p class='ocr_par' dir='ltr' id='par_1_16' title="bbox 464 1344 2122 1426">
     <span class='ocr_line' id='line_1_16' title="bbox 464 1344 2122 1426; baseline -0.009 -6"><span class='ocrx_word' id='word_1_120' title='bbox 464 1357 877 1421; x_wconf 87' lang='lat' dir='ltr'><strong>contentiones</strong></span> <span class='ocrx_word' id='word_1_121' title='bbox 910 1352 1184 1424; x_wconf 89' lang='lat' dir='ltr'><strong>veniunt,</strong></span> <span class='ocrx_word' id='word_1_122' title='bbox 1220 1347 1656 1411; x_wconf 90' lang='lat' dir='ltr'><strong>contendentes</strong></span> <span class='ocrx_word' id='word_1_123' title='bbox 1705 1347 1838 1426; x_wconf 89' lang='lat' dir='ltr'><strong>quis</strong></span> <span class='ocrx_word' id='word_1_124' title='bbox 1870 1362 1941 1407; x_wconf 88' lang='lat' dir='ltr'><strong>ex</strong></span> <span class='ocrx_word' id='word_1_125' title='bbox 1977 1344 2122 1424; x_wconf 91' lang='lat' dir='ltr'><strong>ipsis</strong></span> 
     </span>
    </p>
   </div>
   <div class='ocr_carea' id='block_1_17' title="bbox 466 1431 2125 1512">
    <p class='ocr_par' dir='ltr' id='par_1_17' title="bbox 466 1431 2125 1512">
     <span class='ocr_line' id='line_1_17' title="bbox 466 1431 2125 1512; baseline -0.01 -3"><span class='ocrx_word' id='word_1_126' title='bbox 466 1454 622 1509; x_wconf 87' lang='lat' dir='ltr'><strong>esset</strong></span> <span class='ocrx_word' id='word_1_127' title='bbox 645 1440 1311 1506; x_wconf 74' lang='lat' dir='ltr'><strong>maximuanciderunt</strong></span> <span class='ocrx_word' id='word_1_128' title='bbox 1327 1445 1525 1498; x_wconf 90' lang='lat' dir='ltr'><strong>autem</strong></span> <span class='ocrx_word' id='word_1_129' title='bbox 1549 1436 1606 1495; x_wconf 91' lang='lat' dir='ltr'><strong>in</strong></span> <span class='ocrx_word' id='word_1_130' title='bbox 1624 1435 1773 1494; x_wconf 76' lang='lat' dir='ltr'><strong>hanc</strong></span> <span class='ocrx_word' id='word_1_131' title='bbox 1798 1433 1959 1493; x_wconf 89' lang='lat' dir='ltr'><strong>litem</strong></span> <span class='ocrx_word' id='word_1_132' title='bbox 1985 1431 2125 1512; x_wconf 89' lang='lat' dir='ltr'><strong>quia</strong></span> 
     </span>
    </p>
   </div>
   <div class='ocr_carea' id='block_1_18' title="bbox 466 1520 2117 1611">
    <p class='ocr_par' dir='ltr' id='par_1_18' title="bbox 466 1520 2117 1611">
     <span class='ocr_line' id='line_1_18' title="bbox 466 1520 2117 1611; baseline -0.009 -15"><span class='ocrx_word' id='word_1_133' title='bbox 466 1534 790 1598; x_wconf 85' lang='lat' dir='ltr'><strong>verisimile</strong></span> <span class='ocrx_word' id='word_1_134' title='bbox 823 1540 911 1593; x_wconf 84' lang='lat' dir='ltr'><strong>est</strong></span> <span class='ocrx_word' id='word_1_135' title='bbox 938 1531 1096 1611; x_wconf 91' lang='lat' dir='ltr'><strong>quod</strong></span> <span class='ocrx_word' id='word_1_136' title='bbox 1129 1528 1284 1588; x_wconf 88' lang='lat' dir='ltr'><strong>inter</strong></span> <span class='ocrx_word' id='word_1_137' title='bbox 1312 1544 1377 1586; x_wconf 90' lang='lat' dir='ltr'><strong>se</strong></span> <span class='ocrx_word' id='word_1_138' title='bbox 1399 1526 1686 1588; x_wconf 83' lang='lat' dir='ltr'><strong>dixerunt</strong></span> <span class='ocrx_word' id='word_1_139' title='bbox 1718 1540 1873 1583; x_wconf 90' lang='lat' dir='ltr'><strong>unus</strong></span> <span class='ocrx_word' id='word_1_140' title='bbox 1896 1520 2069 1582; x_wconf 88' lang='lat' dir='ltr'><strong>alteri</strong></span> <span class='ocrx_word' id='word_1_141' title='bbox 2104 1540 2117 1581; x_wconf 91' lang='lat'><strong>:</strong></span> 
     </span>
    </p>
   </div>
   <div class='ocr_carea' id='block_1_19' title="bbox 467 1608 2123 1705">
    <p class='ocr_par' dir='ltr' id='par_1_19' title="bbox 467 1608 2123 1705">
     <span class='ocr_line' id='line_1_19' title="bbox 467 1608 2123 1705; baseline -0.011 -17"><span class='ocrx_word' id='word_1_142' title='bbox 467 1626 557 1688; x_wconf 94' lang='lat' dir='ltr'><strong>Tu</strong></span> <span class='ocrx_word' id='word_1_143' title='bbox 589 1622 930 1705; x_wconf 86' lang='lat' dir='ltr'><strong>proditurus</strong></span> <span class='ocrx_word' id='word_1_144' title='bbox 957 1608 1050 1694; x_wconf 81' lang='lat' dir='ltr'><strong>es,</strong></span> <span class='ocrx_word' id='word_1_145' title='bbox 1104 1628 1162 1680; x_wconf 93' lang='lat' dir='ltr'><strong>et</strong></span> <span class='ocrx_word' id='word_1_146' title='bbox 1190 1616 1341 1677; x_wconf 88' lang='lat' dir='ltr'><strong>alius</strong></span> <span class='ocrx_word' id='word_1_147' title='bbox 1374 1612 1548 1676; x_wconf 87' lang='lat' dir='ltr'><strong>alteri</strong></span> <span class='ocrx_word' id='word_1_148' title='bbox 1585 1631 1599 1675; x_wconf 89' lang='lat'>:</span> <span class='ocrx_word' id='word_1_149' title='bbox 1628 1610 1849 1705; x_wconf 32' lang='lat' dir='ltr'><strong>TuLEt</strong></span> <span class='ocrx_word' id='word_1_150' title='bbox 1880 1608 2044 1705; x_wconf 88' lang='lat' dir='ltr'><strong>inde_</strong></span> <span class='ocrx_word' id='word_1_151' title='bbox 2053 1628 2123 1671; x_wconf 92' lang='lat' dir='ltr'><strong>eo</strong></span> 
     </span>
    </p>
   </div>
   <div class='ocr_carea' id='block_1_20' title="bbox 469 1699 2186 1798">
    <p class='ocr_par' dir='ltr' id='par_1_20' title="bbox 469 1699 2186 1798">
     <span class='ocr_line' id='line_1_20' title="bbox 469 1699 2186 1798; baseline -0.01 -20"><span class='ocrx_word' id='word_1_152' title='bbox 469 1699 863 1798; x_wconf 74' lang='lat' dir='ltr'><strong>pervenerunt</strong></span> <span class='ocrx_word' id='word_1_153' title='bbox 894 1717 959 1770; x_wconf 89' lang='lat' dir='ltr'><strong>ut</strong></span> <span class='ocrx_word' id='word_1_154' title='bbox 990 1708 1302 1798; x_wconf 76' lang='lat' dir='ltr'><strong>dicerent:</strong></span> <span class='ocrx_word' id='word_1_155' title='bbox 1329 1705 1456 1798; x_wconf 74' lang='lat' dir='ltr'><strong>_E_g0</strong></span> <span class='ocrx_word' id='word_1_156' title='bbox 1479 1720 1607 1798; x_wconf 82' lang='lat' dir='ltr'><strong>sum</strong></span> <span class='ocrx_word' id='word_1_157' title='bbox 1620 1699 1867 1798; x_wconf 62' lang='lat' dir='ltr'><strong>melior,</strong></span> <span class='ocrx_word' id='word_1_158' title='bbox 1898 1707 1984 1798; x_wconf 65' lang='lat' dir='ltr'><strong>et,</strong></span> <span class='ocrx_word' id='word_1_159' title='bbox 2000 1700 2123 1778; x_wconf 88' lang='lat' dir='ltr'><strong>Ego</strong></span> <span class='ocrx_word' id='word_1_160' title='bbox 2149 1740 2186 1791; x_wconf 73' lang='grc' dir='ltr'><strong>Β</strong></span> 
     </span>
    </p>
   </div>
   <div class='ocr_carea' id='block_1_21' title="bbox 471 1789 2123 1883">
    <p class='ocr_par' dir='ltr' id='par_1_21' title="bbox 471 1789 2123 1883">
     <span class='ocr_line' id='line_1_21' title="bbox 471 1789 2123 1883; baseline -0.013 -15"><span class='ocrx_word' id='word_1_161' title='bbox 471 1789 601 1868; x_wconf 77' lang='lat' dir='ltr'><strong>sum</strong></span> <span class='ocrx_word' id='word_1_162' title='bbox 628 1803 837 1883; x_wconf 89' lang='lat' dir='ltr'><strong>major,</strong></span> <span class='ocrx_word' id='word_1_163' title='bbox 870 1808 927 1860; x_wconf 92' lang='lat' dir='ltr'><strong>et</strong></span> <span class='ocrx_word' id='word_1_164' title='bbox 955 1796 1193 1858; x_wconf 89' lang='lat' dir='ltr'><strong>similia.</strong></span> <span class='ocrx_word' id='word_1_165' title='bbox 1233 1794 1387 1867; x_wconf 86' lang='lat' dir='ltr'><strong>Quid</strong></span> <span class='ocrx_word' id='word_1_166' title='bbox 1422 1792 1600 1869; x_wconf 84' lang='lat' dir='ltr'><strong>igitur</strong></span> <span class='ocrx_word' id='word_1_167' title='bbox 1620 1789 2123 1852; x_wconf 86' lang='lat' dir='ltr'><strong>Dominus?Com-</strong></span> 
     </span>
    </p>
   </div>
   <div class='ocr_carea' id='block_1_22' title="bbox 474 1877 2125 1977">
    <p class='ocr_par' dir='ltr' id='par_1_22' title="bbox 474 1877 2125 1977">
     <span class='ocr_line' id='line_1_22' title="bbox 474 1877 2125 1977; baseline -0.015 -20"><span class='ocrx_word' id='word_1_168' title='bbox 474 1895 675 1977; x_wconf 90' lang='lat' dir='ltr'><strong>primit</strong></span> <span class='ocrx_word' id='word_1_169' title='bbox 700 1877 1014 1954; x_wconf 72' lang='lat' dir='ltr'><strong>tumultum</strong></span> <span class='ocrx_word' id='word_1_170' title='bbox 1039 1888 1197 1977; x_wconf 85' lang='lat' dir='ltr'><strong>hunc</strong></span> <span class='ocrx_word' id='word_1_171' title='bbox 1229 1880 1460 1944; x_wconf 83' lang='lat' dir='ltr'><strong>duobus</strong></span> <span class='ocrx_word' id='word_1_172' title='bbox 1491 1877 2125 1977; x_wconf 44' lang='lat' dir='ltr'><strong>exemplisUno‘gep-</strong></span> 
     </span>
    </p>
   </div>
   <div class='ocr_carea' id='block_1_23' title="bbox 476 1964 2127 2060">
    <p class='ocr_par' dir='ltr' id='par_1_23' title="bbox 476 1964 2127 2060">
     <span class='ocr_line' id='line_1_23' title="bbox 476 1964 2127 2060; baseline -0.012 -15"><span class='ocrx_word' id='word_1_173' title='bbox 476 1964 690 2057; x_wconf 66' lang='lat' dir='ltr'><strong>iilium,</strong></span> <span class='ocrx_word' id='word_1_174' title='bbox 743 1996 892 2060; x_wconf 92' lang='lat' dir='ltr'><strong>quos</strong></span> <span class='ocrx_word' id='word_1_175' title='bbox 937 1976 1403 2040; x_wconf 90' lang='lat' dir='ltr'><strong>abominantur:</strong></span> <span class='ocrx_word' id='word_1_176' title='bbox 1439 1967 1761 2060; x_wconf 79' lang='lat' dir='ltr'><strong>ostendens</strong></span> <span class='ocrx_word' id='word_1_177' title='bbox 1806 1966 1960 2046; x_wconf 93' lang='lat' dir='ltr'><strong>quod</strong></span> <span class='ocrx_word' id='word_1_178' title='bbox 2008 1964 2127 2026; x_wconf 89' lang='lat' dir='ltr'><strong>illis</strong></span> 
     </span>
    </p>
   </div>
   <div class='ocr_carea' id='block_1_24' title="bbox 474 2055 2126 2142">
    <p class='ocr_par' dir='ltr' id='par_1_24' title="bbox 474 2055 2126 2142">
     <span class='ocr_line' id='line_1_24' title="bbox 474 2055 2126 2142; baseline -0.013 -7"><span class='ocrx_word' id='word_1_179' title='bbox 474 2055 845 2135; x_wconf 81' lang='lat' dir='ltr'><strong>assimilaridi</strong></span> <span class='ocrx_word' id='word_1_180' title='bbox 865 2067 1003 2139; x_wconf 91' lang='lat' dir='ltr'><strong>sint,</strong></span> <span class='ocrx_word' id='word_1_181' title='bbox 1038 2063 1088 2125; x_wconf 91' lang='lat' dir='ltr'><strong>si</strong></span> <span class='ocrx_word' id='word_1_182' title='bbox 1114 2062 1342 2142; x_wconf 89' lang='lat' dir='ltr'><strong>sapiant</strong></span> <span class='ocrx_word' id='word_1_183' title='bbox 1374 2055 1825 2120; x_wconf 87' lang='lat' dir='ltr'><strong>similia.Altero</strong></span> <span class='ocrx_word' id='word_1_184' title='bbox 1848 2056 1988 2115; x_wconf 64' lang='lat'><strong>470</strong></span> <span class='ocrx_word' id='word_1_185' title='bbox 2015 2073 2126 2114; x_wconf 88' lang='lat' dir='ltr'><strong>au-</strong></span> 
     </span>
    </p>
   </div>
   <div class='ocr_carea' id='block_1_25' title="bbox 477 2144 2126 2235">
    <p class='ocr_par' dir='ltr' id='par_1_25' title="bbox 477 2144 2126 2235">
     <span class='ocr_line' id='line_1_25' title="bbox 477 2144 2126 2235; baseline -0.015 -10"><span class='ocrx_word' id='word_1_186' title='bbox 477 2173 594 2226; x_wconf 90' lang='lat' dir='ltr'><strong>tem</strong></span> <span class='ocrx_word' id='word_1_187' title='bbox 624 2178 735 2222; x_wconf 91' lang='lat' dir='ltr'><strong>suo</strong></span> <span class='ocrx_word' id='word_1_188' title='bbox 763 2151 1188 2235; x_wconf 85' lang='lat' dir='ltr'><strong>exemplo.Eos</strong></span> <span class='ocrx_word' id='word_1_189' title='bbox 1218 2150 1376 2211; x_wconf 91' lang='lat' dir='ltr'><strong>enim</strong></span> <span class='ocrx_word' id='word_1_190' title='bbox 1399 2147 1471 2208; x_wconf 81' lang='lat' dir='ltr'><strong>ad</strong></span> <span class='ocrx_word' id='word_1_191' title='bbox 1497 2144 1889 2207; x_wconf 89' lang='lat' dir='ltr'><strong>humilitatem</strong></span> <span class='ocrx_word' id='word_1_192' title='bbox 1921 2161 2126 2205; x_wconf 82' lang='lat' dir='ltr'><strong>exem-</strong></span> 
     </span>
    </p>
   </div>
   <div class='ocr_carea' id='block_1_26' title="bbox 479 2230 2123 2333">
    <p class='ocr_par' dir='ltr' id='par_1_26' title="bbox 479 2230 2123 2333">
     <span class='ocr_line' id='line_1_26' title="bbox 479 2230 2123 2333; baseline -0.013 -18"><span class='ocrx_word' id='word_1_193' title='bbox 479 2254 575 2333; x_wconf 92' lang='lat' dir='ltr'><strong>plo</strong></span> <span class='ocrx_word' id='word_1_194' title='bbox 601 2271 707 2312; x_wconf 89' lang='lat' dir='ltr'><strong>suo</strong></span> <span class='ocrx_word' id='word_1_195' title='bbox 735 2247 919 2326; x_wconf 89' lang='lat' dir='ltr'><strong>ducit,</strong></span> <span class='ocrx_word' id='word_1_196' title='bbox 942 2230 1274 2305; x_wconf 78' lang='lat' dir='ltr'><strong>ostendens</strong></span> <span class='ocrx_word' id='word_1_197' title='bbox 1308 2235 1465 2318; x_wconf 87' lang='lat' dir='ltr'><strong>quod</strong></span> <span class='ocrx_word' id='word_1_198' title='bbox 1523 2235 1651 2314; x_wconf 88' lang='lat' dir='ltr'><strong>ipse</strong></span> <span class='ocrx_word' id='word_1_199' title='bbox 1687 2233 1987 2293; x_wconf 88' lang='lat' dir='ltr'><strong>ministret</strong></span> <span class='ocrx_word' id='word_1_200' title='bbox 2013 2230 2123 2293; x_wconf 88' lang='lat' dir='ltr'><strong>eis.</strong></span> 
     </span>
    </p>
   </div>
   <div class='ocr_carea' id='block_1_27' title="bbox 477 2329 2123 2409">
    <p class='ocr_par' dir='ltr' id='par_1_27' title="bbox 477 2329 2123 2409">
     <span class='ocr_line' id='line_1_27' title="bbox 477 2329 2123 2409; baseline -0.015 -5"><span class='ocrx_word' id='word_1_201' title='bbox 477 2329 709 2405; x_wconf 81' lang='lat' dir='ltr'><strong>Etenim</strong></span> <span class='ocrx_word' id='word_1_202' title='bbox 743 2346 903 2409; x_wconf 90' lang='lat' dir='ltr'><strong>tunc,</strong></span> <span class='ocrx_word' id='word_1_203' title='bbox 941 2333 1089 2394; x_wconf 87' lang='lat' dir='ltr'><strong>sicut</strong></span> <span class='ocrx_word' id='word_1_204' title='bbox 1118 2330 1337 2389; x_wconf 90' lang='lat' dir='ltr'><strong>dictum</strong></span> <span class='ocrx_word' id='word_1_205' title='bbox 1372 2332 1483 2400; x_wconf 91' lang='lat' dir='ltr'><strong>est,</strong></span> <span class='ocrx_word' id='word_1_206' title='bbox 1512 2340 1723 2403; x_wconf 89' lang='lat' dir='ltr'><strong>panem</strong></span> <span class='ocrx_word' id='word_1_207' title='bbox 1738 2339 1906 2382; x_wconf 90' lang='lat' dir='ltr'><strong>suum</strong></span> <span class='ocrx_word' id='word_1_208' title='bbox 1938 2329 1995 2381; x_wconf 93' lang='lat' dir='ltr'><strong>et</strong></span> <span class='ocrx_word' id='word_1_209' title='bbox 2017 2340 2123 2409; x_wconf 88' lang='lat' dir='ltr'><strong>po-</strong></span> 
     </span>
    </p>
   </div>
   <div class='ocr_carea' id='block_1_28' title="bbox 480 2408 2125 2497">
    <p class='ocr_par' dir='ltr' id='par_1_28' title="bbox 480 2408 2125 2497">
     <span class='ocr_line' id='line_1_28' title="bbox 480 2408 2125 2497; baseline -0.016 -3"><span class='ocrx_word' id='word_1_210' title='bbox 480 2442 603 2493; x_wconf 87' lang='lat' dir='ltr'><strong>tum</strong></span> <span class='ocrx_word' id='word_1_211' title='bbox 626 2408 950 2490; x_wconf 84' lang='lat' dir='ltr'><strong>distribuit.</strong></span> <span class='ocrx_word' id='word_1_212' title='bbox 976 2421 1119 2484; x_wconf 85' lang='lat' dir='ltr'><strong>Cum</strong></span> <span class='ocrx_word' id='word_1_213' title='bbox 1151 2416 1329 2497; x_wconf 84' lang='lat' dir='ltr'><strong>igitur</strong></span> <span class='ocrx_word' id='word_1_214' title='bbox 1353 2432 1484 2493; x_wconf 85' lang='lat' dir='ltr'><strong>ego,</strong></span> <span class='ocrx_word' id='word_1_215' title='bbox 1520 2429 1698 2491; x_wconf 89' lang='lat' dir='ltr'><strong>quem</strong></span> <span class='ocrx_word' id='word_1_216' title='bbox 1729 2409 1924 2470; x_wconf 92' lang='lat' dir='ltr'><strong>omnis</strong></span> <span class='ocrx_word' id='word_1_217' title='bbox 1953 2408 2125 2470; x_wconf 89' lang='lat' dir='ltr'><strong>ratio-</strong></span> 
     </span>
    </p>
   </div>
   <div class='ocr_carea' id='block_1_29' title="bbox 482 2498 2127 2591">
    <p class='ocr_par' dir='ltr' id='par_1_29' title="bbox 482 2498 2127 2591">
     <span class='ocr_line' id='line_1_29' title="bbox 482 2498 2127 2591; baseline -0.016 -9"><span class='ocrx_word' id='word_1_218' title='bbox 482 2520 635 2581; x_wconf 88' lang='lat' dir='ltr'><strong>nalis</strong></span> <span class='ocrx_word' id='word_1_219' title='bbox 666 2524 723 2577; x_wconf 90' lang='lat' dir='ltr'><strong>et</strong></span> <span class='ocrx_word' id='word_1_220' title='bbox 752 2512 1026 2591; x_wconf 88' lang='lat' dir='ltr'><strong>angelica</strong></span> <span class='ocrx_word' id='word_1_221' title='bbox 1056 2515 1331 2568; x_wconf 88' lang='lat' dir='ltr'><strong>creatura</strong></span> <span class='ocrx_word' id='word_1_222' title='bbox 1358 2503 1626 2591; x_wconf 90' lang='lat' dir='ltr'><strong>adorant,</strong></span> <span class='ocrx_word' id='word_1_223' title='bbox 1657 2499 1718 2559; x_wconf 93' lang='lat' dir='ltr'><strong>in</strong></span> <span class='ocrx_word' id='word_1_224' title='bbox 1751 2498 1950 2591; x_wconf 84' lang='lat' dir='ltr'><strong>medio</strong></span> <span class='ocrx_word' id='word_1_225' title='bbox 1993 2514 2127 2558; x_wconf 89' lang='lat' dir='ltr'><strong>ves-</strong></span> 
     </span>
    </p>
   </div>
   <div class='ocr_carea' id='block_1_30' title="bbox 485 2585 2132 2679">
    <p class='ocr_par' dir='ltr' id='par_1_30' title="bbox 485 2585 2132 2679">
     <span class='ocr_line' id='line_1_30' title="bbox 485 2585 2132 2679; baseline -0.015 -9"><span class='ocrx_word' id='word_1_226' title='bbox 485 2609 555 2670; x_wconf 92' lang='lat' dir='ltr'><strong>tri</strong></span> <span class='ocrx_word' id='word_1_227' title='bbox 603 2585 899 2675; x_wconf 71' lang='lat' dir='ltr'><strong>ministro,</strong></span> <span class='ocrx_word' id='word_1_228' title='bbox 934 2596 1232 2679; x_wconf 89' lang='lat' dir='ltr'><strong>quomodo</strong></span> <span class='ocrx_word' id='word_1_229' title='bbox 1263 2611 1365 2653; x_wconf 92' lang='lat' dir='ltr'><strong>vos</strong></span> <span class='ocrx_word' id='word_1_230' title='bbox 1395 2590 1559 2669; x_wconf 85' lang='lat' dir='ltr'><strong>digni</strong></span> <span class='ocrx_word' id='word_1_231' title='bbox 1603 2588 1769 2679; x_wconf 73' lang='lat' dir='ltr'><strong>estis</strong></span> <span class='ocrx_word' id='word_1_232' title='bbox 1791 2585 1893 2666; x_wconf 87' lang='lat' dir='ltr'><strong>qui</strong></span> <span class='ocrx_word' id='word_1_233' title='bbox 1925 2605 2132 2679; x_wconf 80' lang='lat' dir='ltr'><strong>magna</strong></span> 
     </span>
    </p>
   </div>
   <div class='ocr_carea' id='block_1_31' title="bbox 483 2674 2131 2765">
    <p class='ocr_par' dir='ltr' id='par_1_31' title="bbox 483 2674 2131 2765">
     <span class='ocr_line' id='line_1_31' title="bbox 483 2674 2131 2765; baseline -0.016 -5"><span class='ocrx_word' id='word_1_234' title='bbox 483 2699 557 2760; x_wconf 92' lang='lat' dir='ltr'><strong>de</strong></span> <span class='ocrx_word' id='word_1_235' title='bbox 592 2694 758 2756; x_wconf 86' lang='lat' dir='ltr'><strong>vobis</strong></span> <span class='ocrx_word' id='word_1_236' title='bbox 791 2674 1147 2761; x_wconf 76' lang='lat' dir='ltr'><strong>sentiatis,et</strong></span> <span class='ocrx_word' id='word_1_237' title='bbox 1171 2683 1389 2765; x_wconf 87' lang='lat' dir='ltr'><strong>primas</strong></span> <span class='ocrx_word' id='word_1_238' title='bbox 1422 2687 1615 2759; x_wconf 89' lang='lat' dir='ltr'><strong>partes</strong></span> <span class='ocrx_word' id='word_1_239' title='bbox 1644 2675 1915 2756; x_wconf 86' lang='lat' dir='ltr'><strong>capiatis?</strong></span> <span class='ocrx_word' id='word_1_240' title='bbox 1944 2674 2131 2738; x_wconf 84' lang='lat' dir='ltr'><strong>Vide-</strong></span> 
     </span>
    </p>
   </div>
   <div class='ocr_carea' id='block_1_32' title="bbox 480 2765 2131 2849">
    <p class='ocr_par' dir='ltr' id='par_1_32' title="bbox 480 2765 2131 2849">
     <span class='ocr_line' id='line_1_32' title="bbox 480 2765 2131 2849; baseline -0.016 0"><span class='ocrx_word' id='word_1_241' title='bbox 480 2798 575 2848; x_wconf 86' lang='lat' dir='ltr'><strong>tur</strong></span> <span class='ocrx_word' id='word_1_242' title='bbox 597 2792 793 2846; x_wconf 85' lang='lat' dir='ltr'><strong>autem</strong></span> <span class='ocrx_word' id='word_1_243' title='bbox 826 2778 970 2840; x_wconf 92' lang='lat' dir='ltr'><strong>mihi</strong></span> <span class='ocrx_word' id='word_1_244' title='bbox 1002 2793 1119 2836; x_wconf 89' lang='lat' dir='ltr'><strong>non</strong></span> <span class='ocrx_word' id='word_1_245' title='bbox 1151 2771 1347 2834; x_wconf 85' lang='lat' dir='ltr'><strong>obiter</strong></span> <span class='ocrx_word' id='word_1_246' title='bbox 1376 2770 1554 2849; x_wconf 86' lang='lat' dir='ltr'><strong>hujus</strong></span> <span class='ocrx_word' id='word_1_247' title='bbox 1592 2765 1894 2828; x_wconf 89' lang='lat' dir='ltr'><strong>recubitus</strong></span> <span class='ocrx_word' id='word_1_248' title='bbox 1928 2772 1985 2825; x_wconf 88' lang='lat' dir='ltr'><strong>et</strong></span> <span class='ocrx_word' id='word_1_249' title='bbox 2016 2766 2131 2824; x_wconf 91' lang='lat' dir='ltr'><strong>mi-</strong></span> 
     </span>
    </p>
   </div>
   <div class='ocr_carea' id='block_1_33' title="bbox 483 2852 2130 2938">
    <p class='ocr_par' dir='ltr' id='par_1_33' title="bbox 483 2852 2130 2938">
     <span class='ocr_line' id='line_1_33' title="bbox 483 2852 2130 2938; baseline -0.016 0"><span class='ocrx_word' id='word_1_250' title='bbox 483 2872 714 2938; x_wconf 88' lang='lat' dir='ltr'><strong>nisterii</strong></span> <span class='ocrx_word' id='word_1_251' title='bbox 735 2865 1099 2936; x_wconf 82' lang='lat' dir='ltr'><strong>meminisse,</strong></span> <span class='ocrx_word' id='word_1_252' title='bbox 1124 2861 1227 2922; x_wconf 92' lang='lat' dir='ltr'><strong>sed</strong></span> <span class='ocrx_word' id='word_1_253' title='bbox 1254 2860 1544 2920; x_wconf 88' lang='lat' dir='ltr'><strong>reducere</strong></span> <span class='ocrx_word' id='word_1_254' title='bbox 1562 2854 1647 2916; x_wconf 91' lang='lat' dir='ltr'><strong>eis</strong></span> <span class='ocrx_word' id='word_1_255' title='bbox 1673 2854 1733 2915; x_wconf 89' lang='lat' dir='ltr'><strong>in</strong></span> <span class='ocrx_word' id='word_1_256' title='bbox 1756 2852 2130 2932; x_wconf 90' lang='lat' dir='ltr'><strong>memoriam,</strong></span> 
     </span>
    </p>
   </div>
   <div class='ocr_carea' id='block_1_34' title="bbox 484 2942 2130 3046">
    <p class='ocr_par' dir='ltr' id='par_1_34' title="bbox 484 2942 2130 3046">
     <span class='ocr_line' id='line_1_34' title="bbox 484 2942 2130 3046; baseline -0.017 -18"><span class='ocrx_word' id='word_1_257' title='bbox 484 2965 624 3046; x_wconf 88' lang='lat' dir='ltr'><strong>quia</strong></span> <span class='ocrx_word' id='word_1_258' title='bbox 656 2964 738 3025; x_wconf 92' lang='lat' dir='ltr'><strong>De</strong></span> <span class='ocrx_word' id='word_1_259' title='bbox 771 2977 887 3020; x_wconf 88' lang='lat' dir='ltr'><strong>uno</strong></span> <span class='ocrx_word' id='word_1_260' title='bbox 913 2971 1064 3036; x_wconf 91' lang='lat' dir='ltr'><strong>pane</strong></span> <span class='ocrx_word' id='word_1_261' title='bbox 1098 2948 1470 3028; x_wconf 84' lang='lat' dir='ltr'><strong>comedistis,</strong></span> <span class='ocrx_word' id='word_1_262' title='bbox 1502 2953 1560 3007; x_wconf 89' lang='lat' dir='ltr'><strong>et</strong></span> <span class='ocrx_word' id='word_1_263' title='bbox 1583 2964 1653 3006; x_wconf 81' lang='lat' dir='ltr'><strong>ex</strong></span> <span class='ocrx_word' id='word_1_264' title='bbox 1681 2942 2006 3046; x_wconf 72' lang='lat' dir='ltr'><strong>unqcalice</strong></span> <span class='ocrx_word' id='word_1_265' title='bbox 2037 2942 2130 3001; x_wconf 88' lang='lat' dir='ltr'><strong>bi-</strong></span> 
     </span>
    </p>
   </div>
   <div class='ocr_carea' id='block_1_35' title="bbox 2208 802 3856 889">
    <p class='ocr_par' dir='ltr' id='par_1_35' title="bbox 2208 802 3856 889">
     <span class='ocr_line' id='line_1_35' title="bbox 2208 802 3856 889; baseline -0.004 -26"><span class='ocrx_word' id='word_1_266' title='bbox 2208 809 2259 864; x_wconf 90' lang='grc' dir='ltr'><strong>τί</strong></span> <span class='ocrx_word' id='word_1_267' title='bbox 2311 810 2521 888; x_wconf 76' lang='grc' dir='ltr'><strong>εὑρέθης</strong></span> <span class='ocrx_word' id='word_1_268' title='bbox 2595 811 2786 889; x_wconf 83' lang='grc' dir='ltr'>κακὸς,</span> <span class='ocrx_word' id='word_1_269' title='bbox 2875 808 3012 865; x_wconf 82' lang='grc' dir='ltr'>ὥστε</span> <span class='ocrx_word' id='word_1_270' title='bbox 3069 815 3200 886; x_wconf 86' lang='grc' dir='ltr'>πρὸς</span> <span class='ocrx_word' id='word_1_271' title='bbox 3283 803 3595 883; x_wconf 82' lang='grc' dir='ltr'>προσδοσίαν</span> <span class='ocrx_word' id='word_1_272' title='bbox 3650 802 3856 877; x_wconf 79' lang='grc' dir='ltr'>ἕτοιμος</span> 
     </span>
    </p>
   </div>
   <div class='ocr_carea' id='block_1_36' title="bbox 2209 891 3858 978">
    <p class='ocr_par' dir='ltr' id='par_1_36' title="bbox 2209 891 3858 978">
     <span class='ocr_line' id='line_1_36' title="bbox 2209 891 3858 978; baseline -0.004 -25"><span class='ocrx_word' id='word_1_273' title='bbox 2209 898 2350 955; x_wconf 79' lang='grc' dir='ltr'>εἶναι</span> <span class='ocrx_word' id='word_1_274' title='bbox 2384 919 2401 978; x_wconf 67' lang='grc' dir='ltr'><strong><em>ς</em></strong></span> <span class='ocrx_word' id='word_1_275' title='bbox 2466 900 2563 955; x_wconf 82' lang='grc' dir='ltr'><strong>Διὰ</strong></span> <span class='ocrx_word' id='word_1_276' title='bbox 2616 906 2772 955; x_wconf 86' lang='grc' dir='ltr'>τοῦτο</span> <span class='ocrx_word' id='word_1_277' title='bbox 2799 906 2885 954; x_wconf 84' lang='grc' dir='ltr'><strong>οῦν</strong></span> <span class='ocrx_word' id='word_1_278' title='bbox 2918 920 3000 953; x_wconf 86' lang='grc' dir='ltr'><strong>σοι</strong></span> <span class='ocrx_word' id='word_1_279' title='bbox 3044 897 3107 952; x_wconf 83' lang='grc' dir='ltr'>τὸ</span> <span class='ocrx_word' id='word_1_280' title='bbox 3137 897 3251 954; x_wconf 82' lang='grc' dir='ltr'>οὒαὶ</span> <span class='ocrx_word' id='word_1_281' title='bbox 3281 892 3753 970; x_wconf 71' lang='grc' dir='ltr'>ἀποκεκλήρωται,</span> <span class='ocrx_word' id='word_1_282' title='bbox 3783 891 3858 947; x_wconf 83' lang='grc' dir='ltr'>ὅτι</span> 
     </span>
    </p>
   </div>
   <div class='ocr_carea' id='block_1_37' title="bbox 2207 980 3854 1067">
    <p class='ocr_par' dir='ltr' id='par_1_37' title="bbox 2207 980 3854 1067">
     <span class='ocr_line' id='line_1_37' title="bbox 2207 980 3854 1067; baseline -0.004 -25"><span class='ocrx_word' id='word_1_283' title='bbox 2207 988 2419 1067; x_wconf 78' lang='grc' dir='ltr'><strong>εὑρέθης</strong></span> <span class='ocrx_word' id='word_1_284' title='bbox 2482 986 2781 1058; x_wconf 73' lang='grc' dir='ltr'>ἐπιτήδειος</span> <span class='ocrx_word' id='word_1_285' title='bbox 2840 988 2914 1051; x_wconf 77' lang='grc' dir='ltr'>εἷς</span> <span class='ocrx_word' id='word_1_286' title='bbox 3001 983 3285 1065; x_wconf 78' lang='grc' dir='ltr'><strong>προδοσίαν</strong></span> <span class='ocrx_word' id='word_1_287' title='bbox 3316 1003 3331 1017; x_wconf 86' lang='grc'><strong>·</strong></span> <span class='ocrx_word' id='word_1_288' title='bbox 3395 984 3511 1038; x_wconf 76' lang='grc' dir='ltr'>ἒπεὶ</span> <span class='ocrx_word' id='word_1_289' title='bbox 3553 983 3642 1037; x_wconf 87' lang='grc' dir='ltr'><strong>καὶ</strong></span> <span class='ocrx_word' id='word_1_290' title='bbox 3683 984 3710 1037; x_wconf 89' lang='grc' dir='ltr'>ὁ</span> <span class='ocrx_word' id='word_1_291' title='bbox 3740 980 3854 1061; x_wconf 67' lang='grc' dir='ltr'>ὄφις</span> 
     </span>
    </p>
   </div>
   <div class='ocr_carea' id='block_1_38' title="bbox 2206 1068 3854 1156">
    <p class='ocr_par' dir='ltr' id='par_1_38' title="bbox 2206 1068 3854 1156">
     <span class='ocr_line' id='line_1_38' title="bbox 2206 1068 3854 1156; baseline -0.003 -26"><span class='ocrx_word' id='word_1_292' title='bbox 2206 1076 2617 1156; x_wconf 83' lang='grc' dir='ltr'>ἐπικατάρατος,</span> <span class='ocrx_word' id='word_1_293' title='bbox 2665 1075 2794 1133; x_wconf 82' lang='grc' dir='ltr'>διότι</span> <span class='ocrx_word' id='word_1_294' title='bbox 2851 1076 3152 1153; x_wconf 81' lang='grc' dir='ltr'>ὑπούργησε</span> <span class='ocrx_word' id='word_1_295' title='bbox 3201 1080 3269 1148; x_wconf 82' lang='grc' dir='ltr'>τῇ</span> <span class='ocrx_word' id='word_1_296' title='bbox 3322 1074 3414 1128; x_wconf 89' lang='grc' dir='ltr'><strong>τοῦ</strong></span> <span class='ocrx_word' id='word_1_297' title='bbox 3442 1068 3689 1127; x_wconf 81' lang='grc' dir='ltr'>διαϐόλου</span> <span class='ocrx_word' id='word_1_298' title='bbox 3720 1092 3854 1145; x_wconf 86' lang='grc' dir='ltr'>συμ-</span> 
     </span>
    </p>
   </div>
   <div class='ocr_carea' id='block_1_39' title="bbox 2204 1159 3861 1243">
    <p class='ocr_par' dir='ltr' id='par_1_39' title="bbox 2204 1159 3861 1243">
     <span class='ocr_line' id='line_1_39' title="bbox 2204 1159 3861 1243; baseline -0.004 -23"><span class='ocrx_word' id='word_1_299' title='bbox 2204 1162 2392 1243; x_wconf 79' lang='grc' dir='ltr'>ϐουλῇ.</span> <span class='ocrx_word' id='word_1_300' title='bbox 2456 1163 2883 1243; x_wconf 78' lang='grc' dir='ltr'>Ἐθορυϐήθησαν</span> <span class='ocrx_word' id='word_1_301' title='bbox 2939 1162 2994 1219; x_wconf 78' lang='grc' dir='ltr'>δὲ</span> <span class='ocrx_word' id='word_1_302' title='bbox 3058 1165 3103 1219; x_wconf 78' lang='grc' dir='ltr'><strong>οἱ</strong></span> <span class='ocrx_word' id='word_1_303' title='bbox 3175 1162 3408 1238; x_wconf 81' lang='grc' dir='ltr'>μαθηταὶ</span> <span class='ocrx_word' id='word_1_304' title='bbox 3467 1162 3630 1215; x_wconf 73' lang='grc' dir='ltr'>ταῦτα</span> <span class='ocrx_word' id='word_1_305' title='bbox 3703 1159 3861 1214; x_wconf 80' lang='grc' dir='ltr'>ἀκού-</span> 
     </span>
    </p>
   </div>
   <div class='ocr_carea' id='block_1_40' title="bbox 2205 1247 3863 1330">
    <p class='ocr_par' dir='ltr' id='par_1_40' title="bbox 2205 1247 3863 1330">
     <span class='ocr_line' id='line_1_40' title="bbox 2205 1247 3863 1330; baseline -0.004 -22"><span class='ocrx_word' id='word_1_306' title='bbox 2205 1276 2387 1319; x_wconf 88' lang='grc' dir='ltr'>σαντες</span> <span class='ocrx_word' id='word_1_307' title='bbox 2423 1270 2436 1283; x_wconf 83' lang='grc'><strong><em>⁸</em></strong></span> <span class='ocrx_word' id='word_1_308' title='bbox 2499 1256 2589 1309; x_wconf 82' lang='grc' dir='ltr'><strong>καὶ</strong></span> <span class='ocrx_word' id='word_1_309' title='bbox 2639 1261 2794 1311; x_wconf 91' lang='grc' dir='ltr'>τοῦτο</span> <span class='ocrx_word' id='word_1_310' title='bbox 2843 1250 3165 1330; x_wconf 78' lang='grc' dir='ltr'>πλατύτερον</span> <span class='ocrx_word' id='word_1_311' title='bbox 3224 1251 3439 1325; x_wconf 72' lang='grc' dir='ltr'>μαθήσῃ</span> <span class='ocrx_word' id='word_1_312' title='bbox 3500 1247 3555 1303; x_wconf 88' lang='grc' dir='ltr'><strong>ἐν</strong></span> <span class='ocrx_word' id='word_1_313' title='bbox 3598 1254 3677 1322; x_wconf 81' lang='grc' dir='ltr'>τῷ</span> <span class='ocrx_word' id='word_1_314' title='bbox 3734 1248 3863 1302; x_wconf 78' lang='grc' dir='ltr'>κατὰ</span> 
     </span>
    </p>
   </div>
   <div class='ocr_carea' id='block_1_41' title="bbox 2206 1335 3861 1420">
    <p class='ocr_par' dir='ltr' id='par_1_41' title="bbox 2206 1335 3861 1420">
     <span class='ocr_line' id='line_1_41' title="bbox 2206 1335 3861 1420; baseline -0.005 -21"><span class='ocrx_word' id='word_1_315' title='bbox 2206 1340 2483 1409; x_wconf 84' lang='grc' dir='ltr'>Ἰωάννην,</span> <span class='ocrx_word' id='word_1_316' title='bbox 2546 1350 2647 1400; x_wconf 83' lang='grc' dir='ltr'>Νῦν</span> <span class='ocrx_word' id='word_1_317' title='bbox 2702 1341 2755 1398; x_wconf 83' lang='grc' dir='ltr'>δὲ</span> <span class='ocrx_word' id='word_1_318' title='bbox 2799 1342 2858 1398; x_wconf 75' lang='grc' dir='ltr'>οὗ</span> <span class='ocrx_word' id='word_1_319' title='bbox 2902 1343 3020 1420; x_wconf 80' lang='grc' dir='ltr'>περὶ</span> <span class='ocrx_word' id='word_1_320' title='bbox 3062 1346 3161 1408; x_wconf 80' lang='grc' dir='ltr'>τῆς</span> <span class='ocrx_word' id='word_1_321' title='bbox 3217 1339 3463 1401; x_wconf 74' lang='grc' dir='ltr'>ὑπονοίας</span> <span class='ocrx_word' id='word_1_322' title='bbox 3511 1342 3609 1404; x_wconf 80' lang='grc' dir='ltr'>τῆς</span> <span class='ocrx_word' id='word_1_323' title='bbox 3663 1335 3861 1414; x_wconf 83' lang='grc' dir='ltr'>προδο-</span> 
     </span>
    </p>
   </div>
   <div class='ocr_carea' id='block_1_42' title="bbox 2208 1422 3860 1510">
    <p class='ocr_par' dir='ltr' id='par_1_42' title="bbox 2208 1422 3860 1510">
     <span class='ocr_line' id='line_1_42' title="bbox 2208 1422 3860 1510; baseline -0.003 -23"><span class='ocrx_word' id='word_1_324' title='bbox 2208 1435 2322 1495; x_wconf 83' lang='grc' dir='ltr'>σίας</span> <span class='ocrx_word' id='word_1_325' title='bbox 2379 1429 2712 1510; x_wconf 78' lang='grc' dir='ltr'>θορυϐοῦνται</span> <span class='ocrx_word' id='word_1_326' title='bbox 2766 1432 2952 1510; x_wconf 76' lang='grc' dir='ltr'>μόνοι,</span> <span class='ocrx_word' id='word_1_327' title='bbox 3010 1428 3131 1485; x_wconf 81' lang='grc' dir='ltr'>ἀλλ’</span> <span class='ocrx_word' id='word_1_328' title='bbox 3176 1430 3237 1485; x_wconf 85' lang='grc' dir='ltr'><strong>ἐκ</strong></span> <span class='ocrx_word' id='word_1_329' title='bbox 3279 1427 3464 1484; x_wconf 85' lang='grc' dir='ltr'>τούτου</span> <span class='ocrx_word' id='word_1_330' title='bbox 3509 1433 3599 1483; x_wconf 86' lang='grc' dir='ltr'><strong>τοῦ</strong></span> <span class='ocrx_word' id='word_1_331' title='bbox 3644 1422 3860 1502; x_wconf 65' lang='grc' dir='ltr'>θορύϐου</span> 
     </span>
    </p>
   </div>
   <div class='ocr_carea' id='block_1_43' title="bbox 2206 1511 3857 1600">
    <p class='ocr_par' dir='ltr' id='par_1_43' title="bbox 2206 1511 3857 1600">
     <span class='ocr_line' id='line_1_43' title="bbox 2206 1511 3857 1600; baseline -0.005 -25"><span class='ocrx_word' id='word_1_332' title='bbox 2206 1521 2292 1575; x_wconf 83' lang='grc' dir='ltr'><strong>καὶ</strong></span> <span class='ocrx_word' id='word_1_333' title='bbox 2347 1521 2420 1585; x_wconf 85' lang='grc' dir='ltr'><strong>εἷς</strong></span> <span class='ocrx_word' id='word_1_334' title='bbox 2480 1518 2585 1598; x_wconf 80' lang='grc' dir='ltr'>ἔριν</span> <span class='ocrx_word' id='word_1_335' title='bbox 2646 1519 2916 1600; x_wconf 78' lang='grc' dir='ltr'>ἔρχονται,</span> <span class='ocrx_word' id='word_1_336' title='bbox 2975 1515 3395 1596; x_wconf 74' lang='grc' dir='ltr'>φιλονεικοῦντες</span> <span class='ocrx_word' id='word_1_337' title='bbox 3442 1515 3521 1577; x_wconf 92' lang='grc' dir='ltr'><strong>τίς</strong></span> <span class='ocrx_word' id='word_1_338' title='bbox 3565 1515 3737 1569; x_wconf 74' lang='grc' dir='ltr'>αὖτῶν</span> <span class='ocrx_word' id='word_1_339' title='bbox 3769 1511 3857 1580; x_wconf 72' lang='grc' dir='ltr'>εἴη</span> 
     </span>
    </p>
   </div>
   <div class='ocr_carea' id='block_1_44' title="bbox 2207 1601 3852 1683">
    <p class='ocr_par' dir='ltr' id='par_1_44' title="bbox 2207 1601 3852 1683">
     <span class='ocr_line' id='line_1_44' title="bbox 2207 1601 3852 1683; baseline -0.004 -20"><span class='ocrx_word' id='word_1_340' title='bbox 2207 1610 2424 1683; x_wconf 81' lang='grc' dir='ltr'>μείζων.</span> <span class='ocrx_word' id='word_1_341' title='bbox 2457 1606 2741 1666; x_wconf 88' lang='grc' dir='ltr'>Ἐνέπεσον</span> <span class='ocrx_word' id='word_1_342' title='bbox 2798 1606 2851 1663; x_wconf 79' lang='grc' dir='ltr'>δὲ</span> <span class='ocrx_word' id='word_1_343' title='bbox 2912 1608 2984 1670; x_wconf 80' lang='grc' dir='ltr'><strong>εἷς</strong></span> <span class='ocrx_word' id='word_1_344' title='bbox 3038 1610 3235 1674; x_wconf 89' lang='grc' dir='ltr'>ταύτην</span> <span class='ocrx_word' id='word_1_345' title='bbox 3263 1605 3363 1671; x_wconf 75' lang='grc' dir='ltr'><strong>τὴν</strong></span> <span class='ocrx_word' id='word_1_346' title='bbox 3396 1603 3502 1676; x_wconf 77' lang='grc' dir='ltr'>ἕριν</span> <span class='ocrx_word' id='word_1_347' title='bbox 3530 1601 3852 1665; x_wconf 78' lang='grc' dir='ltr'>ἀκολούθως.</span> 
     </span>
    </p>
   </div>
   <div class='ocr_carea' id='block_1_45' title="bbox 2210 1689 3857 1776">
    <p class='ocr_par' dir='ltr' id='par_1_45' title="bbox 2210 1689 3857 1776">
     <span class='ocr_line' id='line_1_45' title="bbox 2210 1689 3857 1776; baseline -0.005 -24"><span class='ocrx_word' id='word_1_348' title='bbox 2210 1697 2359 1752; x_wconf 88' lang='grc' dir='ltr'>Ἐπεὶ</span> <span class='ocrx_word' id='word_1_349' title='bbox 2415 1696 2514 1774; x_wconf 74' lang='grc' dir='ltr'>γὰρ</span> <span class='ocrx_word' id='word_1_350' title='bbox 2571 1699 2703 1776; x_wconf 84' lang='grc' dir='ltr'>πρὸς</span> <span class='ocrx_word' id='word_1_351' title='bbox 2748 1695 3014 1766; x_wconf 77' lang='grc' dir='ltr'>ἀλλήλους</span> <span class='ocrx_word' id='word_1_352' title='bbox 3071 1697 3211 1759; x_wconf 77' lang='grc' dir='ltr'>εἰκὸς</span> <span class='ocrx_word' id='word_1_353' title='bbox 3280 1694 3346 1762; x_wconf 76' lang='grc' dir='ltr'>ἦν</span> <span class='ocrx_word' id='word_1_354' title='bbox 3389 1691 3585 1769; x_wconf 84' lang='grc' dir='ltr'>λέγειν,</span> <span class='ocrx_word' id='word_1_355' title='bbox 3645 1689 3729 1745; x_wconf 81' lang='grc' dir='ltr'>ὅτι</span> <span class='ocrx_word' id='word_1_356' title='bbox 3787 1690 3857 1744; x_wconf 77' lang='grc' dir='ltr'><strong>Σὺ</strong></span> 
     </span>
    </p>
   </div>
   <div class='ocr_carea' id='block_1_46' title="bbox 2208 1779 3855 1866">
    <p class='ocr_par' dir='ltr' id='par_1_46' title="bbox 2208 1779 3855 1866">
     <span class='ocr_line' id='line_1_46' title="bbox 2208 1779 3855 1866; baseline -0.004 -25"><span class='ocrx_word' id='word_1_357' title='bbox 2208 1783 2423 1861; x_wconf 79' lang='grc' dir='ltr'>μέλλεις</span> <span class='ocrx_word' id='word_1_358' title='bbox 2466 1784 2765 1866; x_wconf 74' lang='grc' dir='ltr'>προδιδόναι</span> <span class='ocrx_word' id='word_1_359' title='bbox 2802 1802 2817 1816; x_wconf 87' lang='grc'>⁶</span> <span class='ocrx_word' id='word_1_360' title='bbox 2879 1787 2968 1842; x_wconf 84' lang='grc' dir='ltr'><strong>καὶ</strong></span> <span class='ocrx_word' id='word_1_361' title='bbox 3022 1792 3086 1841; x_wconf 87' lang='grc' dir='ltr'><strong>αῦ</strong></span> <span class='ocrx_word' id='word_1_362' title='bbox 3136 1787 3343 1847; x_wconf 68' lang='grc' dir='ltr'>ἐκεῖνος</span> <span class='ocrx_word' id='word_1_363' title='bbox 3400 1782 3591 1859; x_wconf 85' lang='grc' dir='ltr'>τούτῳ,</span> <span class='ocrx_word' id='word_1_364' title='bbox 3636 1779 3719 1836; x_wconf 76' lang='grc' dir='ltr'>ὅτι</span> <span class='ocrx_word' id='word_1_365' title='bbox 3763 1780 3855 1834; x_wconf 85' lang='grc' dir='ltr'><strong>Σύ⁶</strong></span> 
     </span>
    </p>
   </div>
   <div class='ocr_carea' id='block_1_47' title="bbox 2209 1870 3861 1954">
    <p class='ocr_par' dir='ltr' id='par_1_47' title="bbox 2209 1870 3861 1954">
     <span class='ocr_line' id='line_1_47' title="bbox 2209 1870 3861 1954; baseline -0.004 -24"><span class='ocrx_word' id='word_1_366' title='bbox 2209 1874 2269 1930; x_wconf 83' lang='grc' dir='ltr'><strong>ἐκ</strong></span> <span class='ocrx_word' id='word_1_367' title='bbox 2325 1876 2512 1931; x_wconf 87' lang='grc' dir='ltr'>τούτου</span> <span class='ocrx_word' id='word_1_368' title='bbox 2573 1877 2930 1954; x_wconf 80' lang='grc' dir='ltr'>προήχθησαν</span> <span class='ocrx_word' id='word_1_369' title='bbox 2990 1876 3062 1936; x_wconf 82' lang='grc' dir='ltr'>εἷς</span> <span class='ocrx_word' id='word_1_370' title='bbox 3135 1876 3195 1929; x_wconf 86' lang='grc' dir='ltr'><strong>τὸ</strong></span> <span class='ocrx_word' id='word_1_371' title='bbox 3270 1871 3445 1950; x_wconf 83' lang='grc' dir='ltr'>λέγειν</span> <span class='ocrx_word' id='word_1_372' title='bbox 3477 1890 3496 1908; x_wconf 77' lang='grc' dir='ltr'><strong>ο</strong></span> <span class='ocrx_word' id='word_1_373' title='bbox 3555 1870 3700 1948; x_wconf 83' lang='grc' dir='ltr'><strong>Ἐγώ</strong></span> <span class='ocrx_word' id='word_1_374' title='bbox 3756 1871 3861 1944; x_wconf 79' lang='grc' dir='ltr'>εἶμι</span> 
     </span>
    </p>
   </div>
   <div class='ocr_carea' id='block_1_48' title="bbox 2207 1958 3863 2042">
    <p class='ocr_par' dir='ltr' id='par_1_48' title="bbox 2207 1958 3863 2042">
     <span class='ocr_line' id='line_1_48' title="bbox 2207 1958 3863 2042; baseline -0.005 -22"><span class='ocrx_word' id='word_1_375' title='bbox 2207 1964 2481 2042; x_wconf 77' lang='grc' dir='ltr'>κρείττων,</span> <span class='ocrx_word' id='word_1_376' title='bbox 2541 1966 2652 2038; x_wconf 84' lang='grc' dir='ltr'>καὶ,</span> <span class='ocrx_word' id='word_1_377' title='bbox 2709 1963 2854 2041; x_wconf 83' lang='grc' dir='ltr'><strong>Ἐγὼ</strong></span> <span class='ocrx_word' id='word_1_378' title='bbox 2902 1965 3009 2039; x_wconf 84' lang='grc' dir='ltr'>εἰμι</span> <span class='ocrx_word' id='word_1_379' title='bbox 3060 1963 3276 2039; x_wconf 85' lang='grc' dir='ltr'>μείζων,</span> <span class='ocrx_word' id='word_1_380' title='bbox 3306 1962 3394 2018; x_wconf 82' lang='grc' dir='ltr'><strong>καὶ</strong></span> <span class='ocrx_word' id='word_1_381' title='bbox 3422 1962 3488 2016; x_wconf 77' lang='grc' dir='ltr'>τὰ</span> <span class='ocrx_word' id='word_1_382' title='bbox 3529 1966 3773 2020; x_wconf 84' lang='grc' dir='ltr'>τοιαῦτα,</span> <span class='ocrx_word' id='word_1_383' title='bbox 3807 1958 3863 2016; x_wconf 83' lang='grc' dir='ltr'><strong>Τί</strong></span> 
     </span>
    </p>
   </div>
   <div class='ocr_carea' id='block_1_49' title="bbox 2211 2045 3865 2131">
    <p class='ocr_par' dir='ltr' id='par_1_49' title="bbox 2211 2045 3865 2131">
     <span class='ocr_line' id='line_1_49' title="bbox 2211 2045 3865 2131; baseline -0.005 -22"><span class='ocrx_word' id='word_1_384' title='bbox 2211 2060 2299 2109; x_wconf 89' lang='grc' dir='ltr'><strong>οῦν</strong></span> <span class='ocrx_word' id='word_1_385' title='bbox 2359 2056 2387 2109; x_wconf 87' lang='grc' dir='ltr'>ὁ</span> <span class='ocrx_word' id='word_1_386' title='bbox 2417 2054 2605 2131; x_wconf 87' lang='grc' dir='ltr'>Κύριος</span> <span class='ocrx_word' id='word_1_387' title='bbox 2640 2072 2655 2127; x_wconf 90' lang='grc'>;</span> <span class='ocrx_word' id='word_1_388' title='bbox 2693 2052 3047 2111; x_wconf 78' lang='grc' dir='ltr'>Καταστέλλει</span> <span class='ocrx_word' id='word_1_389' title='bbox 3080 2054 3170 2108; x_wconf 85' lang='grc' dir='ltr'>τὸν</span> <span class='ocrx_word' id='word_1_390' title='bbox 3199 2048 3417 2130; x_wconf 80' lang='grc' dir='ltr'>θόρυϐον</span> <span class='ocrx_word' id='word_1_391' title='bbox 3474 2050 3673 2107; x_wconf 62' lang='grc' dir='ltr'>τιύτων</span> <span class='ocrx_word' id='word_1_392' title='bbox 3727 2045 3865 2103; x_wconf 78' lang='grc' dir='ltr'>δυσὶν</span> 
     </span>
    </p>
   </div>
   <div class='ocr_carea' id='block_1_50' title="bbox 2211 2133 3860 2220">
    <p class='ocr_par' dir='ltr' id='par_1_50' title="bbox 2211 2133 3860 2220">
     <span class='ocr_line' id='line_1_50' title="bbox 2211 2133 3860 2220; baseline -0.004 -23"><span class='ocrx_word' id='word_1_393' title='bbox 2211 2140 2611 2220; x_wconf 72' lang='grc' dir='ltr'>ὅποδείγμασιν,</span> <span class='ocrx_word' id='word_1_394' title='bbox 2674 2142 2747 2197; x_wconf 78' lang='grc' dir='ltr'>ἑνὶ</span> <span class='ocrx_word' id='word_1_395' title='bbox 2803 2142 2901 2216; x_wconf 81' lang='grc' dir='ltr'>μὲν</span> <span class='ocrx_word' id='word_1_396' title='bbox 2944 2149 3021 2216; x_wconf 82' lang='grc' dir='ltr'>τῷ</span> <span class='ocrx_word' id='word_1_397' title='bbox 3065 2147 3169 2197; x_wconf 83' lang='grc' dir='ltr'><strong>τῶν</strong></span> <span class='ocrx_word' id='word_1_398' title='bbox 3226 2140 3469 2218; x_wconf 77' lang='grc' dir='ltr'>ἐθνικῶν,</span> <span class='ocrx_word' id='word_1_399' title='bbox 3529 2140 3618 2200; x_wconf 75' lang='grc' dir='ltr'><strong>οὓς</strong></span> <span class='ocrx_word' id='word_1_400' title='bbox 3665 2133 3860 2212; x_wconf 81' lang='grc' dir='ltr'>βδελυ-</span> 
     </span>
    </p>
   </div>
   <div class='ocr_carea' id='block_1_51' title="bbox 2209 2225 3857 2311">
    <p class='ocr_par' dir='ltr' id='par_1_51' title="bbox 2209 2225 3857 2311">
     <span class='ocr_line' id='line_1_51' title="bbox 2209 2225 3857 2311; baseline -0.004 -25"><span class='ocrx_word' id='word_1_401' title='bbox 2209 2231 2366 2294; x_wconf 85' lang='grc' dir='ltr'>κτοὺς</span> <span class='ocrx_word' id='word_1_402' title='bbox 2393 2231 2579 2311; x_wconf 76' lang='grc' dir='ltr'>εἶχον,</span> <span class='ocrx_word' id='word_1_403' title='bbox 2615 2229 2864 2287; x_wconf 80' lang='grc' dir='ltr'>δεικνύων</span> <span class='ocrx_word' id='word_1_404' title='bbox 2915 2228 2995 2285; x_wconf 80' lang='grc' dir='ltr'><strong>ὅτι</strong></span> <span class='ocrx_word' id='word_1_405' title='bbox 3045 2230 3250 2291; x_wconf 81' lang='grc' dir='ltr'>τούτοις</span> <span class='ocrx_word' id='word_1_406' title='bbox 3284 2228 3518 2286; x_wconf 75' lang='grc' dir='ltr'>ἐοικότες</span> <span class='ocrx_word' id='word_1_407' title='bbox 3548 2226 3783 2295; x_wconf 78' lang='grc' dir='ltr'>ἔσονται,</span> <span class='ocrx_word' id='word_1_408' title='bbox 3814 2225 3857 2280; x_wconf 84' lang='grc' dir='ltr'><strong>εί</strong></span> 
     </span>
    </p>
   </div>
   <div class='ocr_carea' id='block_1_52' title="bbox 2209 2313 3855 2398">
    <p class='ocr_par' dir='ltr' id='par_1_52' title="bbox 2209 2313 3855 2398">
     <span class='ocr_line' id='line_1_52' title="bbox 2209 2313 3855 2398; baseline -0.002 -23"><span class='ocrx_word' id='word_1_409' title='bbox 2209 2322 2423 2376; x_wconf 77' lang='grc' dir='ltr'>τοιαῦτα</span> <span class='ocrx_word' id='word_1_410' title='bbox 2467 2326 2740 2398; x_wconf 76' lang='grc' dir='ltr'>φρονοῦσιν</span> <span class='ocrx_word' id='word_1_411' title='bbox 2774 2332 2794 2351; x_wconf 82' lang='grc'><strong><em>⁸</em></strong></span> <span class='ocrx_word' id='word_1_412' title='bbox 2833 2320 2996 2397; x_wconf 80' lang='grc' dir='ltr'>ἑτέρῳ</span> <span class='ocrx_word' id='word_1_413' title='bbox 3037 2317 3091 2374; x_wconf 78' lang='grc' dir='ltr'><strong>δὲ</strong></span> <span class='ocrx_word' id='word_1_414' title='bbox 3120 2323 3197 2391; x_wconf 85' lang='grc' dir='ltr'>τῷ</span> <span class='ocrx_word' id='word_1_415' title='bbox 3248 2318 3434 2373; x_wconf 79' lang='grc' dir='ltr'>ἑαυτοῦ</span> <span class='ocrx_word' id='word_1_416' title='bbox 3467 2336 3483 2351; x_wconf 77' lang='grc' dir='ltr'><strong>ο</strong></span> <span class='ocrx_word' id='word_1_417' title='bbox 3536 2313 3611 2371; x_wconf 83' lang='grc' dir='ltr'>δι’</span> <span class='ocrx_word' id='word_1_418' title='bbox 3665 2314 3855 2371; x_wconf 79' lang='grc' dir='ltr'>ἑαυτοῦ</span> 
     </span>
    </p>
   </div>
   <div class='ocr_carea' id='block_1_53' title="bbox 2210 2399 3851 2488">
    <p class='ocr_par' dir='ltr' id='par_1_53' title="bbox 2210 2399 3851 2488">
     <span class='ocr_line' id='line_1_53' title="bbox 2210 2399 3851 2488; baseline -0.002 -25"><span class='ocrx_word' id='word_1_419' title='bbox 2210 2408 2309 2486; x_wconf 80' lang='grc' dir='ltr'><strong>γὰρ</strong></span> <span class='ocrx_word' id='word_1_420' title='bbox 2359 2410 2430 2473; x_wconf 81' lang='grc' dir='ltr'>εἷς</span> <span class='ocrx_word' id='word_1_421' title='bbox 2486 2408 2969 2488; x_wconf 75' lang='grc' dir='ltr'>ταπεινοφροσύνην</span> <span class='ocrx_word' id='word_1_422' title='bbox 3017 2406 3158 2484; x_wconf 74' lang='grc' dir='ltr'>ἄγει,</span> <span class='ocrx_word' id='word_1_423' title='bbox 3203 2405 3401 2467; x_wconf 84' lang='grc' dir='ltr'>δεικνὺς</span> <span class='ocrx_word' id='word_1_424' title='bbox 3448 2405 3628 2460; x_wconf 78' lang='grc' dir='ltr'>ἑαυτὸν</span> <span class='ocrx_word' id='word_1_425' title='bbox 3672 2399 3851 2459; x_wconf 83' lang='grc' dir='ltr'>διακο-</span> 
     </span>
    </p>
   </div>
   <div class='ocr_carea' id='block_1_54' title="bbox 2213 2493 3853 2575">
    <p class='ocr_par' dir='ltr' id='par_1_54' title="bbox 2213 2493 3853 2575">
     <span class='ocr_line' id='line_1_54' title="bbox 2213 2493 3853 2575; baseline -0.002 -24"><span class='ocrx_word' id='word_1_426' title='bbox 2213 2503 2400 2569; x_wconf 82' lang='grc' dir='ltr'>νοῦντα</span> <span class='ocrx_word' id='word_1_427' title='bbox 2456 2499 2663 2562; x_wconf 74' lang='grc' dir='ltr'>αὐτοῖς.</span> <span class='ocrx_word' id='word_1_428' title='bbox 2728 2497 2824 2554; x_wconf 83' lang='grc' dir='ltr'>Καὶ</span> <span class='ocrx_word' id='word_1_429' title='bbox 2876 2497 2976 2575; x_wconf 81' lang='grc' dir='ltr'><strong>γὰρ</strong></span> <span class='ocrx_word' id='word_1_430' title='bbox 3023 2494 3087 2564; x_wconf 61' lang='grc' dir='ltr'>δὴ</span> <span class='ocrx_word' id='word_1_431' title='bbox 3129 2494 3273 2567; x_wconf 88' lang='grc' dir='ltr'>τότε,</span> <span class='ocrx_word' id='word_1_432' title='bbox 3333 2495 3467 2550; x_wconf 75' lang='grc' dir='ltr'>καθα</span> <span class='ocrx_word' id='word_1_433' title='bbox 3495 2493 3735 2570; x_wconf 75' lang='grc' dir='ltr'>εἴρηται,</span> <span class='ocrx_word' id='word_1_434' title='bbox 3765 2493 3853 2547; x_wconf 81' lang='grc' dir='ltr'>τὸν</span> 
     </span>
    </p>
   </div>
   <div class='ocr_carea' id='block_1_55' title="bbox 2213 2580 3855 2664">
    <p class='ocr_par' dir='ltr' id='par_1_55' title="bbox 2213 2580 3855 2664">
     <span class='ocr_line' id='line_1_55' title="bbox 2213 2580 3855 2664; baseline -0.004 -24"><span class='ocrx_word' id='word_1_435' title='bbox 2213 2582 2369 2664; x_wconf 75' lang='grc' dir='ltr'>ἄρτον</span> <span class='ocrx_word' id='word_1_436' title='bbox 2419 2585 2601 2649; x_wconf 75' lang='grc' dir='ltr'>αὐτοῖς</span> <span class='ocrx_word' id='word_1_437' title='bbox 2657 2586 2742 2641; x_wconf 83' lang='grc' dir='ltr'><strong>καὶ</strong></span> <span class='ocrx_word' id='word_1_438' title='bbox 2798 2586 2860 2640; x_wconf 83' lang='grc' dir='ltr'>τὸ</span> <span class='ocrx_word' id='word_1_439' title='bbox 2915 2586 3170 2661; x_wconf 81' lang='grc' dir='ltr'>ποτήριον</span> <span class='ocrx_word' id='word_1_440' title='bbox 3198 2582 3477 2659; x_wconf 82' lang='grc' dir='ltr'>διένειμεν,</span> <span class='ocrx_word' id='word_1_441' title='bbox 3510 2580 3657 2638; x_wconf 84' lang='grc' dir='ltr'>Ἐπεὶ</span> <span class='ocrx_word' id='word_1_442' title='bbox 3684 2581 3855 2635; x_wconf 69' lang='grc' dir='ltr'>τοίνυν</span> 
     </span>
    </p>
   </div>
   <div class='ocr_carea' id='block_1_56' title="bbox 2214 2671 3859 2753">
    <p class='ocr_par' dir='ltr' id='par_1_56' title="bbox 2214 2671 3859 2753">
     <span class='ocr_line' id='line_1_56' title="bbox 2214 2671 3859 2753; baseline 0.001 -23"><span class='ocrx_word' id='word_1_443' title='bbox 2214 2674 2323 2752; x_wconf 86' lang='grc' dir='ltr'><strong>ἐγὼ</strong></span> <span class='ocrx_word' id='word_1_444' title='bbox 2381 2677 2408 2732; x_wconf 87' lang='grc' dir='ltr'>ὁ</span> <span class='ocrx_word' id='word_1_445' title='bbox 2455 2676 2558 2732; x_wconf 81' lang='grc' dir='ltr'>ὑπὸ</span> <span class='ocrx_word' id='word_1_446' title='bbox 2631 2675 2807 2742; x_wconf 76' lang='grc' dir='ltr'>πάσης</span> <span class='ocrx_word' id='word_1_447' title='bbox 2884 2672 3174 2753; x_wconf 78' lang='grc' dir='ltr'>ἆγγελικὴς</span> <span class='ocrx_word' id='word_1_448' title='bbox 3238 2674 3324 2729; x_wconf 87' lang='grc' dir='ltr'><strong>καὶ</strong></span> <span class='ocrx_word' id='word_1_449' title='bbox 3377 2671 3597 2749; x_wconf 71' lang='grc' dir='ltr'>λογικῆς</span> <span class='ocrx_word' id='word_1_450' title='bbox 3656 2672 3859 2739; x_wconf 74' lang='grc' dir='ltr'>φύσεως</span> 
     </span>
    </p>
   </div>
   <div class='ocr_carea' id='block_1_57' title="bbox 2220 2760 3860 2842">
    <p class='ocr_par' dir='ltr' id='par_1_57' title="bbox 2220 2760 3860 2842">
     <span class='ocr_line' id='line_1_57' title="bbox 2220 2760 3860 2842; baseline -0.004 -23"><span class='ocrx_word' id='word_1_451' title='bbox 2220 2766 2686 2842; x_wconf 58' lang='grc' dir='ltr'>προσκυνούμενος,</span> <span class='ocrx_word' id='word_1_452' title='bbox 2747 2764 2801 2819; x_wconf 90' lang='grc' dir='ltr'><strong>ἐν</strong></span> <span class='ocrx_word' id='word_1_453' title='bbox 2848 2764 2995 2838; x_wconf 88' lang='grc' dir='ltr'>μέσῳ</span> <span class='ocrx_word' id='word_1_454' title='bbox 3046 2763 3194 2837; x_wconf 74' lang='grc' dir='ltr'>ὑμῶν</span> <span class='ocrx_word' id='word_1_455' title='bbox 3242 2760 3487 2835; x_wconf 81' lang='grc' dir='ltr'>διακονῶ,</span> <span class='ocrx_word' id='word_1_456' title='bbox 3539 2765 3654 2822; x_wconf 79' lang='grc' dir='ltr'>πῶς</span> <span class='ocrx_word' id='word_1_457' title='bbox 3708 2760 3860 2833; x_wconf 80' lang='grc' dir='ltr'>ὑμεῖς</span> 
     </span>
    </p>
   </div>
   <div class='ocr_carea' id='block_1_58' title="bbox 2218 2848 3862 2934">
    <p class='ocr_par' dir='ltr' id='par_1_58' title="bbox 2218 2848 3862 2934">
     <span class='ocr_line' id='line_1_58' title="bbox 2218 2848 3862 2934; baseline -0.005 -25"><span class='ocrx_word' id='word_1_458' title='bbox 2218 2852 2358 2919; x_wconf 77' lang='grc' dir='ltr'>ἄξιοι</span> <span class='ocrx_word' id='word_1_459' title='bbox 2411 2853 2528 2909; x_wconf 81' lang='grc' dir='ltr'>ἐστε</span> <span class='ocrx_word' id='word_1_460' title='bbox 2558 2851 3005 2934; x_wconf 71' lang='grc' dir='ltr'>μεγαλοφροιεῖν,</span> <span class='ocrx_word' id='word_1_461' title='bbox 3067 2853 3155 2909; x_wconf 87' lang='grc' dir='ltr'><strong>καὶ</strong></span> <span class='ocrx_word' id='word_1_462' title='bbox 3185 2853 3304 2930; x_wconf 84' lang='grc' dir='ltr'>περὶ</span> <span class='ocrx_word' id='word_1_463' title='bbox 3331 2852 3603 2929; x_wconf 76' lang='grc' dir='ltr'>πρωτείων</span> <span class='ocrx_word' id='word_1_464' title='bbox 3634 2848 3817 2925; x_wconf 80' lang='grc' dir='ltr'>ἐρίζειν</span> <span class='ocrx_word' id='word_1_465' title='bbox 3844 2863 3862 2921; x_wconf 71' lang='grc' dir='ltr'>ς</span> 
     </span>
    </p>
   </div>
   <div class='ocr_carea' id='block_1_59' title="bbox 2225 2939 3861 3021">
    <p class='ocr_par' dir='ltr' id='par_1_59' title="bbox 2225 2939 3861 3021">
     <span class='ocr_line' id='line_1_59' title="bbox 2225 2939 3861 3021; baseline -0.002 -20"><span class='ocrx_word' id='word_1_466' title='bbox 2225 2954 2388 3001; x_wconf 81' lang='grc' dir='ltr'>Δοκεῖ</span> <span class='ocrx_word' id='word_1_467' title='bbox 2430 2942 2487 2998; x_wconf 87' lang='grc' dir='ltr'><strong>δέ</strong></span> <span class='ocrx_word' id='word_1_468' title='bbox 2534 2965 2622 3019; x_wconf 92' lang='grc' dir='ltr'><strong>μοι</strong></span> <span class='ocrx_word' id='word_1_469' title='bbox 2656 2941 2790 3018; x_wconf 83' lang='grc' dir='ltr'>μηδὲ</span> <span class='ocrx_word' id='word_1_470' title='bbox 2819 2942 3094 3021; x_wconf 73' lang='grc' dir='ltr'>παρέργως</span> <span class='ocrx_word' id='word_1_471' title='bbox 3154 2939 3292 2997; x_wconf 70' lang='grc' dir='ltr'>οὕτω</span> <span class='ocrx_word' id='word_1_472' title='bbox 3345 2944 3713 3015; x_wconf 87' lang='grc' dir='ltr'>μνημονεῦσαι</span> <span class='ocrx_word' id='word_1_473' title='bbox 3772 2940 3861 3004; x_wconf 80' lang='grc' dir='ltr'><strong>τῆς</strong></span> 
     </span>
    </p>
   </div>
   <div class='ocr_carea' id='block_1_60' title="bbox 488 3024 2132 3124">
    <p class='ocr_par' dir='ltr' id='par_1_60' title="bbox 488 3024 2132 3124">
     <span class='ocr_line' id='line_1_60' title="bbox 488 3024 2132 3124; baseline -0.016 -7"><span class='ocrx_word' id='word_1_474' title='bbox 488 3024 680 3124; x_wconf 68' lang='lat' dir='ltr'><strong>bistis,</strong></span> <span class='ocrx_word' id='word_1_475' title='bbox 708 3024 932 3113; x_wconf 74' lang='lat' dir='ltr'><strong>amicos</strong></span> <span class='ocrx_word' id='word_1_476' title='bbox 963 3053 1021 3105; x_wconf 91' lang='lat' dir='ltr'><strong>et</strong></span> <span class='ocrx_word' id='word_1_477' title='bbox 1049 3040 1362 3102; x_wconf 84' lang='lat' dir='ltr'><strong>unanimes</strong></span> <span class='ocrx_word' id='word_1_478' title='bbox 1383 3024 1500 3099; x_wconf 85' lang='lat' dir='ltr'><strong>una</strong></span> <span class='ocrx_word' id='word_1_479' title='bbox 1545 3050 1749 3095; x_wconf 89' lang='lat' dir='ltr'><strong>mensa</strong></span> <span class='ocrx_word' id='word_1_480' title='bbox 1782 3032 1959 3095; x_wconf 84' lang='lat' dir='ltr'><strong>fecit:</strong></span> <span class='ocrx_word' id='word_1_481' title='bbox 1986 3050 2132 3112; x_wconf 88' lang='lat' dir='ltr'><strong>qua-</strong></span> 
     </span>
    </p>
   </div>
   <div class='ocr_carea' id='block_1_61' title="bbox 2219 3024 3862 3124">
    <p class='ocr_par' dir='ltr' id='par_1_61' title="bbox 2222 3024 3862 3108">
     <span class='ocr_line' id='line_1_61' title="bbox 2222 3024 3862 3108; baseline -0.006 -18"><span class='ocrx_word' id='word_1_482' title='bbox 2222 3032 2544 3095; x_wconf 78' lang='grc' dir='ltr'>ἀνακλίσεως</span> <span class='ocrx_word' id='word_1_483' title='bbox 2604 3032 2806 3098; x_wconf 79' lang='grc' dir='ltr'>ταύτης</span> <span class='ocrx_word' id='word_1_484' title='bbox 2863 3032 2951 3087; x_wconf 85' lang='grc' dir='ltr'><strong>καὶ</strong></span> <span class='ocrx_word' id='word_1_485' title='bbox 3007 3030 3102 3098; x_wconf 77' lang='grc' dir='ltr'>τῆς</span> <span class='ocrx_word' id='word_1_486' title='bbox 3156 3027 3445 3108; x_wconf 82' lang='grc' dir='ltr'>διακονίας,</span> <span class='ocrx_word' id='word_1_487' title='bbox 3507 3024 3627 3083; x_wconf 81' lang='grc' dir='ltr'>ἀλλ’</span> <span class='ocrx_word' id='word_1_488' title='bbox 3673 3026 3862 3100; x_wconf 79' lang='grc' dir='ltr'>ἀναμι-</span> 
     </span>
    </p>
   </div>
   <div class='ocr_carea' id='block_1_62' title="bbox 484 3126 2134 3222">
    <p class='ocr_par' dir='ltr' id='par_1_62' title="bbox 484 3126 2134 3222">
     <span class='ocr_line' id='line_1_62' title="bbox 484 3126 2134 3222; baseline -0.017 -14"><span class='ocrx_word' id='word_1_489' title='bbox 484 3163 550 3206; x_wconf 91' lang='lat' dir='ltr'><strong>re</strong></span> <span class='ocrx_word' id='word_1_490' title='bbox 573 3161 710 3222; x_wconf 91' lang='lat' dir='ltr'><strong>ergo</strong></span> <span class='ocrx_word' id='word_1_491' title='bbox 742 3136 945 3217; x_wconf 88' lang='lat' dir='ltr'><strong>sapitis</strong></span> <span class='ocrx_word' id='word_1_492' title='bbox 974 3150 1103 3213; x_wconf 81' lang='lat' dir='ltr'><strong>quae</strong></span> <span class='ocrx_word' id='word_1_493' title='bbox 1135 3129 1281 3190; x_wconf 83' lang='lat' dir='ltr'><strong>tales</strong></span> <span class='ocrx_word' id='word_1_494' title='bbox 1313 3146 1428 3187; x_wconf 90' lang='lat' dir='ltr'><strong>non</strong></span> <span class='ocrx_word' id='word_1_495' title='bbox 1461 3126 1704 3186; x_wconf 86' lang='lat' dir='ltr'><strong>decent?</strong></span> <span class='ocrx_word' id='word_1_496' title='bbox 1728 3129 1787 3183; x_wconf 92' lang='lat' dir='ltr'><strong>et</strong></span> <span class='ocrx_word' id='word_1_497' title='bbox 1817 3138 2010 3221; x_wconf 80' lang='lat' dir='ltr'><strong>neque</strong></span> <span class='ocrx_word' id='word_1_498' title='bbox 2029 3139 2134 3222; x_wconf 82' lang='lat' dir='ltr'><strong>ego</strong></span> 
     </span>
    </p>
   </div>
   <div class='ocr_carea' id='block_1_63' title="bbox 488 3209 2132 3312">
    <p class='ocr_par' dir='ltr' id='par_1_63' title="bbox 488 3209 2132 3312">
     <span class='ocr_line' id='line_1_63' title="bbox 488 3209 2132 3312; baseline -0.02 -16"><span class='ocrx_word' id='word_1_499' title='bbox 488 3234 587 3296; x_wconf 90' lang='lat' dir='ltr'><strong>uni</strong></span> <span class='ocrx_word' id='word_1_500' title='bbox 622 3209 860 3312; x_wconf 62' lang='lat' dir='ltr'><strong>quidem</strong></span> <span class='ocrx_word' id='word_1_501' title='bbox 881 3209 1115 3300; x_wconf 76' lang='lat' dir='ltr'><strong>servivi,</strong></span> <span class='ocrx_word' id='word_1_502' title='bbox 1147 3218 1318 3280; x_wconf 89' lang='lat' dir='ltr'><strong>alteri</strong></span> <span class='ocrx_word' id='word_1_503' title='bbox 1357 3224 1552 3276; x_wconf 89' lang='lat' dir='ltr'><strong>autem</strong></span> <span class='ocrx_word' id='word_1_504' title='bbox 1588 3230 1707 3312; x_wconf 77' lang='lat' dir='ltr'><strong>non</strong></span> <span class='ocrx_word' id='word_1_505' title='bbox 1756 3209 1996 3285; x_wconf 88' lang='lat' dir='ltr'><strong>servivi,</strong></span> <span class='ocrx_word' id='word_1_506' title='bbox 2029 3209 2132 3270; x_wconf 89' lang='lat' dir='ltr'><strong>sed</strong></span> 
     </span>
    </p>
   </div>
   <div class='ocr_carea' id='block_1_64' title="bbox 487 3301 2136 3399">
    <p class='ocr_par' dir='ltr' id='par_1_64' title="bbox 487 3301 2136 3399">
     <span class='ocr_line' id='line_1_64' title="bbox 487 3301 2136 3399; baseline -0.017 -15"><span class='ocrx_word' id='word_1_507' title='bbox 487 3342 558 3384; x_wconf 81' lang='lat' dir='ltr'><strong>ex</strong></span> <span class='ocrx_word' id='word_1_508' title='bbox 591 3301 756 3399; x_wconf 62' lang='lat' dir='ltr'><strong>aequo</strong></span> <span class='ocrx_word' id='word_1_509' title='bbox 808 3310 1085 3375; x_wconf 90' lang='lat' dir='ltr'><strong>omnibus</strong></span> <span class='ocrx_word' id='word_1_510' title='bbox 1117 3306 1282 3367; x_wconf 91' lang='lat' dir='ltr'><strong>vobis</strong></span> <span class='ocrx_word' id='word_1_511' title='bbox 1317 3323 1330 3365; x_wconf 91' lang='lat'>:</span> <span class='ocrx_word' id='word_1_512' title='bbox 1368 3321 1578 3364; x_wconf 91' lang='lat' dir='ltr'><strong>omnes</strong></span> <span class='ocrx_word' id='word_1_513' title='bbox 1622 3301 1800 3399; x_wconf 69' lang='lat' dir='ltr'><strong>igitur</strong></span> <span class='ocrx_word' id='word_1_514' title='bbox 1846 3317 2048 3399; x_wconf 65' lang='lat' dir='ltr'><strong>unum_</strong></span> <span class='ocrx_word' id='word_1_515' title='bbox 2080 3306 2136 3397; x_wconf 78' lang='lat' dir='ltr'><strong>et</strong></span> 
     </span>
    </p>
   </div>
   <div class='ocr_carea' id='block_1_65' title="bbox 489 3386 2135 3473">
    <p class='ocr_par' dir='ltr' id='par_1_65' title="bbox 489 3386 2135 3473">
     <span class='ocr_line' id='line_1_65' title="bbox 489 3386 2135 3473; baseline -0.018 1"><span class='ocrx_word' id='word_1_516' title='bbox 489 3386 971 3473; x_wconf 39' lang='lat' dir='ltr'><strong>idenfsentiatis.</strong></span> <span class='ocrx_word' id='word_1_517' title='bbox 1005 3398 1091 3458; x_wconf 91' lang='lat' dir='ltr'><strong>Tu</strong></span> <span class='ocrx_word' id='word_1_518' title='bbox 1144 3405 1339 3455; x_wconf 89' lang='lat' dir='ltr'><strong>autem</strong></span> <span class='ocrx_word' id='word_1_519' title='bbox 1373 3410 1439 3453; x_wconf 86' lang='lat' dir='ltr'><strong>ex</strong></span> <span class='ocrx_word' id='word_1_520' title='bbox 1472 3392 1563 3451; x_wconf 90' lang='lat' dir='ltr'><strong>bis</strong></span> <span class='ocrx_word' id='word_1_521' title='bbox 1592 3387 1868 3450; x_wconf 88' lang='lat' dir='ltr'><strong>omnibus</strong></span> <span class='ocrx_word' id='word_1_522' title='bbox 1908 3386 2135 3448; x_wconf 86' lang='lat' dir='ltr'><strong>intelli-</strong></span> 
     </span>
    </p>
   </div>
   <div class='ocr_carea' id='block_1_66' title="bbox 490 3476 2132 3581">
    <p class='ocr_par' dir='ltr' id='par_1_66' title="bbox 490 3476 2132 3581">
     <span class='ocr_line' id='line_1_66' title="bbox 490 3476 2132 3581; baseline -0.019 -19"><span class='ocrx_word' id='word_1_523' title='bbox 490 3520 591 3581; x_wconf 87' lang='lat' dir='ltr'><strong>gas</strong></span> <span class='ocrx_word' id='word_1_524' title='bbox 615 3494 768 3577; x_wconf 89' lang='lat' dir='ltr'><strong>quod</strong></span> <span class='ocrx_word' id='word_1_525' title='bbox 792 3486 1064 3569; x_wconf 86' lang='lat' dir='ltr'><strong>discipuli</strong></span> <span class='ocrx_word' id='word_1_526' title='bbox 1086 3486 1280 3545; x_wconf 80' lang='lat' dir='ltr'><strong>adhuc</strong></span> <span class='ocrx_word' id='word_1_527' title='bbox 1302 3479 1635 3581; x_wconf 76' lang='lat' dir='ltr'><strong>imperfecti</strong></span> <span class='ocrx_word' id='word_1_528' title='bbox 1658 3476 2009 3581; x_wconf 48' lang='lat' dir='ltr'><strong>fq‘erint,sed</strong></span> <span class='ocrx_word' id='word_1_529' title='bbox 2041 3477 2132 3537; x_wconf 87' lang='lat' dir='ltr'><strong>vi-</strong></span> 
     </span>
    </p>
   </div>
   <div class='ocr_carea' id='block_1_67' title="bbox 489 3565 2138 3662">
    <p class='ocr_par' dir='ltr' id='par_1_67' title="bbox 489 3565 2138 3662">
     <span class='ocr_line' id='line_1_67' title="bbox 489 3565 2138 3662; baseline -0.015 -12"><span class='ocrx_word' id='word_1_530' title='bbox 489 3565 564 3651; x_wconf 72' lang='lat' dir='ltr'><strong>de</strong></span> <span class='ocrx_word' id='word_1_531' title='bbox 595 3565 892 3662; x_wconf 74' lang='lat' dir='ltr'><strong>quomodo</strong></span> <span class='ocrx_word' id='word_1_532' title='bbox 937 3565 993 3637; x_wconf 82' lang='lat' dir='ltr'><strong>et</strong></span> <span class='ocrx_word' id='word_1_533' title='bbox 1025 3585 1230 3655; x_wconf 86' lang='lat' dir='ltr'><strong>postea</strong></span> <span class='ocrx_word' id='word_1_534' title='bbox 1278 3570 1637 3662; x_wconf 79' lang='lat' dir='ltr'><strong>refulserint.</strong></span> <span class='ocrx_word' id='word_1_535' title='bbox 1690 3565 2138 3662; x_wconf 75' lang='lat' dir='ltr'><strong>Confundantur</strong></span> 
     </span>
    </p>
   </div>
   <div class='ocr_carea' id='block_1_68' title="bbox 490 3653 2135 3748">
    <p class='ocr_par' dir='ltr' id='par_1_68' title="bbox 490 3653 2135 3748">
     <span class='ocr_line' id='line_1_68' title="bbox 490 3653 2135 3748; baseline -0.016 -9"><span class='ocrx_word' id='word_1_536' title='bbox 490 3653 935 3748; x_wconf 77' lang='lat' dir='ltr'><strong>Manichaei,qui</strong></span> <span class='ocrx_word' id='word_1_537' title='bbox 957 3653 1163 3725; x_wconf 72' lang='lat' dir='ltr'><strong>dicunt</strong></span> <span class='ocrx_word' id='word_1_538' title='bbox 1199 3659 1484 3740; x_wconf 89' lang='lat' dir='ltr'><strong>quosdam</strong></span> <span class='ocrx_word' id='word_1_539' title='bbox 1509 3666 1718 3717; x_wconf 86' lang='lat' dir='ltr'><strong>natura</strong></span> <span class='ocrx_word' id='word_1_540' title='bbox 1750 3672 1879 3715; x_wconf 91' lang='lat' dir='ltr'><strong>esse</strong></span> <span class='ocrx_word' id='word_1_541' title='bbox 1901 3653 2135 3715; x_wconf 88' lang='lat' dir='ltr'><strong>indoci-</strong></span> 
     </span>
    </p>
   </div>
   <div class='ocr_carea' id='block_1_69' title="bbox 493 3745 1905 3845">
    <p class='ocr_par' dir='ltr' id='par_1_69' title="bbox 493 3745 1905 3845">
     <span class='ocr_line' id='line_1_69' title="bbox 493 3745 1905 3845; baseline -0.015 -17"><span class='ocrx_word' id='word_1_542' title='bbox 493 3768 605 3845; x_wconf 87' lang='lat' dir='ltr'><strong>les,</strong></span> <span class='ocrx_word' id='word_1_543' title='bbox 635 3772 693 3824; x_wconf 90' lang='lat' dir='ltr'><strong>et</strong></span> <span class='ocrx_word' id='word_1_544' title='bbox 722 3745 1151 3837; x_wconf 79' lang='lat' dir='ltr'><strong>impossibilem</strong></span> <span class='ocrx_word' id='word_1_545' title='bbox 1176 3768 1308 3811; x_wconf 86' lang='lat' dir='ltr'><strong>esse</strong></span> <span class='ocrx_word' id='word_1_546' title='bbox 1338 3749 1468 3808; x_wconf 67' lang='lat' dir='ltr'><strong>vitae</strong></span> <span class='ocrx_word' id='word_1_547' title='bbox 1500 3745 1905 3807; x_wconf 89' lang='lat' dir='ltr'><strong>mutationem.</strong></span> 
     </span>
    </p>
   </div>
   <div class='ocr_carea' id='block_1_70' title="bbox 576 4013 2138 4095">
    <p class='ocr_par' dir='ltr' id='par_1_70' title="bbox 576 4013 2138 4095">
     <span class='ocr_line' id='line_1_70' title="bbox 576 4013 2138 4095; baseline -0.015 1"><span class='ocrx_word' id='word_1_548' title='bbox 576 4035 757 4095; x_wconf 79' lang='lat' dir='ltr'><strong>VEns.</strong></span> <span class='ocrx_word' id='word_1_549' title='bbox 791 4025 996 4090; x_wconf 67' lang='lat'><strong>28—34.</strong></span> <span class='ocrx_word' id='word_1_550' title='bbox 1029 4046 1055 4078; x_wconf 74' lang='grc' dir='ltr'><strong>α</strong></span> <span class='ocrx_word' id='word_1_551' title='bbox 1090 4019 1207 4082; x_wconf 86' lang='lat' dir='ltr'><strong>Vos</strong></span> <span class='ocrx_word' id='word_1_552' title='bbox 1237 4026 1431 4080; x_wconf 90' lang='lat' dir='ltr'><strong>autem</strong></span> <span class='ocrx_word' id='word_1_553' title='bbox 1467 4015 1611 4078; x_wconf 86' lang='lat' dir='ltr'><strong>estis</strong></span> <span class='ocrx_word' id='word_1_554' title='bbox 1657 4014 1757 4094; x_wconf 89' lang='lat' dir='ltr'><strong>qui</strong></span> <span class='ocrx_word' id='word_1_555' title='bbox 1802 4013 2138 4093; x_wconf 89' lang='lat' dir='ltr'><strong>permansi-</strong></span> 
     </span>
    </p>
   </div>
   <div class='ocr_carea' id='block_1_71' title="bbox 492 4101 2135 4187">
    <p class='ocr_par' dir='ltr' id='par_1_71' title="bbox 492 4101 2135 4187">
     <span class='ocr_line' id='line_1_71' title="bbox 492 4101 2135 4187; baseline -0.016 0"><span class='ocrx_word' id='word_1_556' title='bbox 492 4126 597 4187; x_wconf 90' lang='lat' dir='ltr'><strong>stis</strong></span> <span class='ocrx_word' id='word_1_557' title='bbox 630 4137 856 4183; x_wconf 90' lang='lat' dir='ltr'><strong>mecum</strong></span> <span class='ocrx_word' id='word_1_558' title='bbox 886 4118 946 4175; x_wconf 94' lang='lat' dir='ltr'><strong>in</strong></span> <span class='ocrx_word' id='word_1_559' title='bbox 980 4109 1400 4174; x_wconf 89' lang='lat' dir='ltr'><strong>tentationibus</strong></span> <span class='ocrx_word' id='word_1_560' title='bbox 1423 4107 1568 4167; x_wconf 90' lang='lat' dir='ltr'><strong>meis</strong></span> <span class='ocrx_word' id='word_1_561' title='bbox 1603 4126 1617 4162; x_wconf 86' lang='lat'><strong>:</strong></span> <span class='ocrx_word' id='word_1_562' title='bbox 1659 4112 1716 4164; x_wconf 93' lang='lat' dir='ltr'><strong>et</strong></span> <span class='ocrx_word' id='word_1_563' title='bbox 1746 4121 1852 4181; x_wconf 87' lang='lat' dir='ltr'><strong>ego</strong></span> <span class='ocrx_word' id='word_1_564' title='bbox 1886 4101 2135 4182; x_wconf 90' lang='lat' dir='ltr'><strong>dispono</strong></span> 
     </span>
    </p>
   </div>
   <div class='ocr_carea' id='block_1_72' title="bbox 493 4196 2139 4284">
    <p class='ocr_par' dir='ltr' id='par_1_72' title="bbox 493 4196 2139 4284">
     <span class='ocr_line' id='line_1_72' title="bbox 493 4196 2139 4284; baseline -0.016 -8"><span class='ocrx_word' id='word_1_565' title='bbox 493 4214 680 4284; x_wconf 89' lang='lat' dir='ltr'><strong>vobis,</strong></span> <span class='ocrx_word' id='word_1_566' title='bbox 717 4200 1180 4282; x_wconf 89' lang='lat' dir='ltr'><strong>sicutdisposuit</strong></span> <span class='ocrx_word' id='word_1_567' title='bbox 1202 4197 1349 4259; x_wconf 88' lang='lat' dir='ltr'><strong>mihi</strong></span> <span class='ocrx_word' id='word_1_568' title='bbox 1374 4199 1547 4259; x_wconf 89' lang='lat' dir='ltr'><strong>Pater</strong></span> <span class='ocrx_word' id='word_1_569' title='bbox 1573 4212 1740 4254; x_wconf 87' lang='lat' dir='ltr'><strong>meus</strong></span> <span class='ocrx_word' id='word_1_570' title='bbox 1768 4210 2041 4271; x_wconf 78' lang='lat' dir='ltr'><strong>regnum,</strong></span> <span class='ocrx_word' id='word_1_571' title='bbox 2078 4196 2139 4251; x_wconf 88' lang='lat' dir='ltr'><strong>ut</strong></span> 
     </span>
    </p>
   </div>
   <div class='ocr_carea' id='block_1_73' title="bbox 494 4284 2138 4368">
    <p class='ocr_par' dir='ltr' id='par_1_73' title="bbox 494 4284 2138 4368">
     <span class='ocr_line' id='line_1_73' title="bbox 494 4284 2138 4368; baseline -0.015 -3"><span class='ocrx_word' id='word_1_572' title='bbox 494 4302 681 4365; x_wconf 87' lang='lat' dir='ltr'><strong>edatis</strong></span> <span class='ocrx_word' id='word_1_573' title='bbox 712 4308 768 4360; x_wconf 94' lang='lat' dir='ltr'><strong>et</strong></span> <span class='ocrx_word' id='word_1_574' title='bbox 796 4294 1032 4365; x_wconf 90' lang='lat' dir='ltr'><strong>bibatis,</strong></span> <span class='ocrx_word' id='word_1_575' title='bbox 1067 4307 1246 4368; x_wconf 88' lang='lat' dir='ltr'><strong>super</strong></span> <span class='ocrx_word' id='word_1_576' title='bbox 1298 4304 1561 4347; x_wconf 90' lang='lat' dir='ltr'><strong>mensam</strong></span> <span class='ocrx_word' id='word_1_577' title='bbox 1605 4301 1817 4346; x_wconf 65' lang='lat' dir='ltr'><strong>meam.</strong></span> <span class='ocrx_word' id='word_1_578' title='bbox 1846 4284 1903 4342; x_wconf 92' lang='lat' dir='ltr'><strong>in</strong></span> <span class='ocrx_word' id='word_1_579' title='bbox 1954 4297 2138 4358; x_wconf 85' lang='lat' dir='ltr'><strong>regno</strong></span> 
     </span>
    </p>
   </div>
   <div class='ocr_carea' id='block_1_74' title="bbox 2220 3114 3865 3198">
    <p class='ocr_par' dir='ltr' id='par_1_74' title="bbox 2220 3114 3865 3198">
     <span class='ocr_line' id='line_1_74' title="bbox 2220 3114 3865 3198; baseline -0.005 -21"><span class='ocrx_word' id='word_1_580' title='bbox 2220 3123 2472 3198; x_wconf 84' lang='grc' dir='ltr'>μνήσκων</span> <span class='ocrx_word' id='word_1_581' title='bbox 2515 3120 2723 3194; x_wconf 75' lang='grc' dir='ltr'>αὐτοὺς,</span> <span class='ocrx_word' id='word_1_582' title='bbox 2770 3118 2851 3176; x_wconf 84' lang='grc' dir='ltr'>ὅτι</span> <span class='ocrx_word' id='word_1_583' title='bbox 2896 3121 2955 3176; x_wconf 75' lang='grc' dir='ltr'>Εἰ</span> <span class='ocrx_word' id='word_1_584' title='bbox 2998 3118 3050 3184; x_wconf 80' lang='grc' dir='ltr'><strong>ἐξ</strong></span> <span class='ocrx_word' id='word_1_585' title='bbox 3110 3120 3223 3182; x_wconf 83' lang='grc' dir='ltr'>ένὸς</span> <span class='ocrx_word' id='word_1_586' title='bbox 3282 3118 3439 3190; x_wconf 77' lang='grc' dir='ltr'>ἄρτου</span> <span class='ocrx_word' id='word_1_587' title='bbox 3492 3116 3747 3195; x_wconf 64' lang='grc' dir='ltr'>ἐφάγετε,</span> <span class='ocrx_word' id='word_1_588' title='bbox 3785 3114 3865 3169; x_wconf 84' lang='grc' dir='ltr'><strong>καὶ</strong></span> 
     </span>
    </p>
   </div>
   <div class='ocr_carea' id='block_1_75' title="bbox 2218 3203 3863 3289">
    <p class='ocr_par' dir='ltr' id='par_1_75' title="bbox 2218 3203 3863 3289">
     <span class='ocr_line' id='line_1_75' title="bbox 2218 3203 3863 3289; baseline -0.005 -22"><span class='ocrx_word' id='word_1_589' title='bbox 2218 3209 2270 3277; x_wconf 76' lang='grc' dir='ltr'>ἐξ</span> <span class='ocrx_word' id='word_1_590' title='bbox 2327 3212 2442 3272; x_wconf 76' lang='grc' dir='ltr'>ἐνὸς</span> <span class='ocrx_word' id='word_1_591' title='bbox 2491 3210 2744 3288; x_wconf 83' lang='grc' dir='ltr'>ποτηρίου</span> <span class='ocrx_word' id='word_1_592' title='bbox 2798 3208 2993 3289; x_wconf 84' lang='grc' dir='ltr'>ἐπίετε,</span> <span class='ocrx_word' id='word_1_593' title='bbox 3055 3206 3232 3288; x_wconf 72' lang='grc' dir='ltr'>φίλους</span> <span class='ocrx_word' id='word_1_594' title='bbox 3284 3208 3418 3282; x_wconf 77' lang='grc' dir='ltr'>ὑμᾶς</span> <span class='ocrx_word' id='word_1_595' title='bbox 3447 3206 3534 3261; x_wconf 85' lang='grc' dir='ltr'><strong>καὶ</strong></span> <span class='ocrx_word' id='word_1_596' title='bbox 3563 3203 3863 3279; x_wconf 75' lang='grc' dir='ltr'>ἡνωμένους</span> 
     </span>
    </p>
   </div>
   <div class='ocr_carea' id='block_1_76' title="bbox 2216 3291 3864 3378">
    <p class='ocr_par' dir='ltr' id='par_1_76' title="bbox 2216 3291 3864 3378">
     <span class='ocr_line' id='line_1_76' title="bbox 2216 3291 3864 3378; baseline -0.006 -22"><span class='ocrx_word' id='word_1_597' title='bbox 2216 3302 2252 3369; x_wconf 80' lang='grc' dir='ltr'>ἡ</span> <span class='ocrx_word' id='word_1_598' title='bbox 2294 3301 2390 3376; x_wconf 86' lang='grc' dir='ltr'><strong>μία</strong></span> <span class='ocrx_word' id='word_1_599' title='bbox 2445 3300 2676 3378; x_wconf 77' lang='grc' dir='ltr'>τράπεζα</span> <span class='ocrx_word' id='word_1_600' title='bbox 2739 3310 2889 3355; x_wconf 83' lang='grc' dir='ltr'>ποιεῖ</span> <span class='ocrx_word' id='word_1_601' title='bbox 2921 3314 2936 3333; x_wconf 86' lang='grc'><strong><em>⁸</em></strong></span> <span class='ocrx_word' id='word_1_602' title='bbox 3010 3296 3145 3354; x_wconf 86' lang='grc' dir='ltr'>διατί</span> <span class='ocrx_word' id='word_1_603' title='bbox 3186 3297 3361 3353; x_wconf 88' lang='grc' dir='ltr'>ταίνυν</span> <span class='ocrx_word' id='word_1_604' title='bbox 3402 3291 3623 3359; x_wconf 77' lang='grc' dir='ltr'>ἀναξίως</span> <span class='ocrx_word' id='word_1_605' title='bbox 3665 3294 3864 3349; x_wconf 76' lang='grc' dir='ltr'>τούτων</span> 
     </span>
    </p>
   </div>
   <div class='ocr_carea' id='block_1_77' title="bbox 2219 3381 3865 3470">
    <p class='ocr_par' dir='ltr' id='par_1_77' title="bbox 2219 3381 3865 3470">
     <span class='ocr_line' id='line_1_77' title="bbox 2219 3381 3865 3470; baseline -0.006 -24"><span class='ocrx_word' id='word_1_606' title='bbox 2219 3401 2463 3470; x_wconf 73' lang='grc' dir='ltr'>φρονεῖτε</span> <span class='ocrx_word' id='word_1_607' title='bbox 2503 3407 2519 3469; x_wconf 84' lang='grc'><strong>;</strong></span> <span class='ocrx_word' id='word_1_608' title='bbox 2552 3386 2704 3444; x_wconf 80' lang='grc' dir='ltr'>Ἀλλ’</span> <span class='ocrx_word' id='word_1_609' title='bbox 2734 3384 2842 3446; x_wconf 72' lang='grc' dir='ltr'>οὐδ’</span> <span class='ocrx_word' id='word_1_610' title='bbox 2872 3386 2980 3465; x_wconf 80' lang='grc' dir='ltr'><strong>ἐγὼ</strong></span> <span class='ocrx_word' id='word_1_611' title='bbox 3008 3386 3177 3458; x_wconf 89' lang='grc' dir='ltr'>τούτῳ</span> <span class='ocrx_word' id='word_1_612' title='bbox 3226 3386 3322 3461; x_wconf 76' lang='grc' dir='ltr'>μὲν</span> <span class='ocrx_word' id='word_1_613' title='bbox 3352 3382 3672 3456; x_wconf 82' lang='grc' dir='ltr'>διηκόνησα,</span> <span class='ocrx_word' id='word_1_614' title='bbox 3694 3381 3865 3456; x_wconf 83' lang='grc' dir='ltr'>τούτῷ</span> 
     </span>
    </p>
   </div>
   <div class='ocr_carea' id='block_1_78' title="bbox 2218 3470 3869 3558">
    <p class='ocr_par' dir='ltr' id='par_1_78' title="bbox 2218 3470 3869 3558">
     <span class='ocr_line' id='line_1_78' title="bbox 2218 3470 3869 3558; baseline -0.005 -24"><span class='ocrx_word' id='word_1_615' title='bbox 2218 3476 2262 3533; x_wconf 90' lang='grc' dir='ltr'>δ’</span> <span class='ocrx_word' id='word_1_616' title='bbox 2294 3480 2376 3558; x_wconf 79' lang='grc' dir='ltr'><strong>οὒ,</strong></span> <span class='ocrx_word' id='word_1_617' title='bbox 2408 3476 2545 3533; x_wconf 80' lang='grc' dir='ltr'>ἀλλὰ</span> <span class='ocrx_word' id='word_1_618' title='bbox 2573 3483 2732 3533; x_wconf 84' lang='grc' dir='ltr'>πᾶσιν</span> <span class='ocrx_word' id='word_1_619' title='bbox 2766 3477 2897 3552; x_wconf 80' lang='grc' dir='ltr'>ὑμῖν</span> <span class='ocrx_word' id='word_1_620' title='bbox 2928 3476 3117 3542; x_wconf 82' lang='grc' dir='ltr'>ἐπίσης</span> <span class='ocrx_word' id='word_1_621' title='bbox 3146 3493 3158 3506; x_wconf 95' lang='grc'><strong>·</strong></span> <span class='ocrx_word' id='word_1_622' title='bbox 3194 3474 3387 3538; x_wconf 82' lang='grc' dir='ltr'>πάντες</span> <span class='ocrx_word' id='word_1_623' title='bbox 3439 3475 3526 3528; x_wconf 81' lang='grc' dir='ltr'><strong>οῦν</strong></span> <span class='ocrx_word' id='word_1_624' title='bbox 3556 3470 3611 3526; x_wconf 89' lang='grc' dir='ltr'>ἓν</span> <span class='ocrx_word' id='word_1_625' title='bbox 3666 3472 3756 3527; x_wconf 83' lang='grc' dir='ltr'><strong>καὶ</strong></span> <span class='ocrx_word' id='word_1_626' title='bbox 3809 3471 3869 3543; x_wconf 69' lang='grc' dir='ltr'><strong>τὸ</strong></span> 
     </span>
    </p>
   </div>
   <div class='ocr_carea' id='block_1_79' title="bbox 2221 3558 3871 3647">
    <p class='ocr_par' dir='ltr' id='par_1_79' title="bbox 2221 3558 3871 3647">
     <span class='ocr_line' id='line_1_79' title="bbox 2221 3558 3871 3647; baseline -0.007 -23"><span class='ocrx_word' id='word_1_627' title='bbox 2221 3570 2346 3625; x_wconf 69' lang='grc' dir='ltr'>αὐτὸ</span> <span class='ocrx_word' id='word_1_628' title='bbox 2389 3579 2659 3647; x_wconf 75' lang='grc' dir='ltr'>φρονεῖτε,</span> <span class='ocrx_word' id='word_1_629' title='bbox 2706 3565 2780 3621; x_wconf 82' lang='grc' dir='ltr'><strong>Σὺ</strong></span> <span class='ocrx_word' id='word_1_630' title='bbox 2832 3562 2888 3622; x_wconf 87' lang='grc' dir='ltr'><strong>δέ</strong></span> <span class='ocrx_word' id='word_1_631' title='bbox 2935 3585 3027 3641; x_wconf 90' lang='grc' dir='ltr'><strong>μοι</strong></span> <span class='ocrx_word' id='word_1_632' title='bbox 3072 3563 3133 3621; x_wconf 86' lang='grc' dir='ltr'><strong>ἐκ</strong></span> <span class='ocrx_word' id='word_1_633' title='bbox 3174 3563 3389 3620; x_wconf 81' lang='grc' dir='ltr'>πάντων</span> <span class='ocrx_word' id='word_1_634' title='bbox 3431 3561 3631 3618; x_wconf 87' lang='grc' dir='ltr'>τούτων</span> <span class='ocrx_word' id='word_1_635' title='bbox 3680 3558 3871 3638; x_wconf 86' lang='grc' dir='ltr'>ἐννόει,</span> 
     </span>
    </p>
   </div>
   <div class='ocr_carea' id='block_1_80' title="bbox 2221 3648 3875 3729">
    <p class='ocr_par' dir='ltr' id='par_1_80' title="bbox 2221 3648 3875 3729">
     <span class='ocr_line' id='line_1_80' title="bbox 2221 3648 3875 3729; baseline -0.008 -13"><span class='ocrx_word' id='word_1_636' title='bbox 2221 3665 2335 3720; x_wconf 85' lang='grc' dir='ltr'><strong>πῶς</strong></span> <span class='ocrx_word' id='word_1_637' title='bbox 2363 3655 2575 3719; x_wconf 85' lang='grc' dir='ltr'>ἀτελεῖς</span> <span class='ocrx_word' id='word_1_638' title='bbox 2604 3654 2738 3722; x_wconf 75' lang='grc' dir='ltr'>ἦσαν</span> <span class='ocrx_word' id='word_1_639' title='bbox 2774 3653 2851 3710; x_wconf 73' lang='grc' dir='ltr'>ἔτι</span> <span class='ocrx_word' id='word_1_640' title='bbox 2896 3655 2943 3709; x_wconf 77' lang='grc' dir='ltr'>οἶ</span> <span class='ocrx_word' id='word_1_641' title='bbox 2976 3654 3208 3729; x_wconf 84' lang='grc' dir='ltr'>μαθηταί</span> <span class='ocrx_word' id='word_1_642' title='bbox 3238 3670 3257 3689; x_wconf 85' lang='grc'>⁶</span> <span class='ocrx_word' id='word_1_643' title='bbox 3304 3650 3426 3708; x_wconf 74' lang='grc' dir='ltr'>ἀλλ’</span> <span class='ocrx_word' id='word_1_644' title='bbox 3458 3648 3541 3706; x_wconf 67' lang='grc' dir='ltr'>ἴδε</span> <span class='ocrx_word' id='word_1_645' title='bbox 3571 3652 3686 3714; x_wconf 76' lang='grc' dir='ltr'><strong>πῶς</strong></span> <span class='ocrx_word' id='word_1_646' title='bbox 3718 3650 3875 3705; x_wconf 63' lang='lat'><strong>351:-</strong></span> 
     </span>
    </p>
   </div>
   <div class='ocr_carea' id='block_1_81' title="bbox 2222 3736 3877 3828">
    <p class='ocr_par' dir='ltr' id='par_1_81' title="bbox 2222 3736 3877 3828">
     <span class='ocr_line' id='line_1_81' title="bbox 2222 3736 3877 3828; baseline -0.007 -22"><span class='ocrx_word' id='word_1_647' title='bbox 2222 3771 2310 3828; x_wconf 91' lang='grc' dir='ltr'><strong>ρον</strong></span> <span class='ocrx_word' id='word_1_648' title='bbox 2370 3746 2639 3821; x_wconf 78' lang='grc' dir='ltr'>ἔλαμψαν.</span> <span class='ocrx_word' id='word_1_649' title='bbox 2701 3742 3158 3821; x_wconf 75' lang='grc' dir='ltr'>Ἐντρεπέσθωσαν</span> <span class='ocrx_word' id='word_1_650' title='bbox 3232 3748 3530 3822; x_wconf 79' lang='grc' dir='ltr'>Μανιχαῖοι</span> <span class='ocrx_word' id='word_1_651' title='bbox 3600 3736 3877 3817; x_wconf 81' lang='grc' dir='ltr'>λέγοντες,</span> 
     </span>
    </p>
   </div>
   <div class='ocr_carea' id='block_1_82' title="bbox 2220 3828 3879 3915">
    <p class='ocr_par' dir='ltr' id='par_1_82' title="bbox 2220 3828 3879 3915">
     <span class='ocr_line' id='line_1_82' title="bbox 2220 3828 3879 3915; baseline -0.009 -19"><span class='ocrx_word' id='word_1_652' title='bbox 2220 3839 2298 3896; x_wconf 83' lang='grc' dir='ltr'>ὅτι</span> <span class='ocrx_word' id='word_1_653' title='bbox 2332 3837 2392 3894; x_wconf 87' lang='grc' dir='ltr'><strong>ἐκ</strong></span> <span class='ocrx_word' id='word_1_654' title='bbox 2421 3835 2626 3915; x_wconf 78' lang='grc' dir='ltr'>φύσεώς</span> <span class='ocrx_word' id='word_1_655' title='bbox 2685 3834 2783 3890; x_wconf 85' lang='grc' dir='ltr'>εἰσί</span> <span class='ocrx_word' id='word_1_656' title='bbox 2824 3855 2962 3896; x_wconf 86' lang='grc' dir='ltr'>τινες</span> <span class='ocrx_word' id='word_1_657' title='bbox 3021 3833 3270 3908; x_wconf 84' lang='grc' dir='ltr'>ἀμαθεῖς,</span> <span class='ocrx_word' id='word_1_658' title='bbox 3334 3832 3424 3888; x_wconf 83' lang='grc' dir='ltr'><strong>καὶ</strong></span> <span class='ocrx_word' id='word_1_659' title='bbox 3479 3828 3732 3905; x_wconf 80' lang='grc' dir='ltr'>ἀδύνατον</span> <span class='ocrx_word' id='word_1_660' title='bbox 3777 3849 3879 3904; x_wconf 58' lang='grc' dir='ltr'>μετ</span> 
     </span>
    </p>
   </div>
   <div class='ocr_carea' id='block_1_83' title="bbox 2219 3926 2765 3992">
    <p class='ocr_par' dir='ltr' id='par_1_83' title="bbox 2219 3926 2765 3992">
     <span class='ocr_line' id='line_1_83' title="bbox 2219 3926 2765 3992; baseline -0.011 -6"><span class='ocrx_word' id='word_1_661' title='bbox 2219 3926 2499 3992; x_wconf 77' lang='grc' dir='ltr'>τατεθῆναι</span> <span class='ocrx_word' id='word_1_662' title='bbox 2528 3926 2765 3987; x_wconf 87' lang='grc' dir='ltr'>τούτους.</span> 
     </span>
    </p>
   </div>
   <div class='ocr_carea' id='block_1_84' title="bbox 2311 3996 3878 4083">
    <p class='ocr_par' dir='ltr' id='par_1_84' title="bbox 2311 3996 3878 4083">
     <span class='ocr_line' id='line_1_84' title="bbox 2311 3996 3878 4083; baseline -0.007 -19"><span class='ocrx_word' id='word_1_663' title='bbox 2311 4033 2339 4065; x_wconf 75' lang='grc' dir='ltr'><strong>α</strong></span> <span class='ocrx_word' id='word_1_664' title='bbox 2385 3996 2574 4083; x_wconf 70' lang='grc' dir='ltr'>’Υμεῖς</span> <span class='ocrx_word' id='word_1_665' title='bbox 2617 4004 2671 4061; x_wconf 85' lang='grc' dir='ltr'><strong>δέ</strong></span> <span class='ocrx_word' id='word_1_666' title='bbox 2704 4005 2821 4061; x_wconf 83' lang='grc' dir='ltr'>ἐστε</span> <span class='ocrx_word' id='word_1_667' title='bbox 2864 4006 2911 4061; x_wconf 76' lang='grc' dir='ltr'>οἱ</span> <span class='ocrx_word' id='word_1_668' title='bbox 2969 4000 3417 4079; x_wconf 84' lang='grc' dir='ltr'>διαμεμενηκότες</span> <span class='ocrx_word' id='word_1_669' title='bbox 3474 3997 3590 4074; x_wconf 86' lang='grc' dir='ltr'>μετ’</span> <span class='ocrx_word' id='word_1_670' title='bbox 3646 3996 3785 4074; x_wconf 79' lang='grc' dir='ltr'>ἐμοῦ</span> <span class='ocrx_word' id='word_1_671' title='bbox 3826 3998 3878 4080; x_wconf 84' lang='grc' dir='ltr'><strong>ἐν</strong></span> 
     </span>
    </p>
   </div>
   <div class='ocr_carea' id='block_1_85' title="bbox 2221 4076 3877 4174">
    <p class='ocr_par' dir='ltr' id='par_1_85' title="bbox 2221 4076 3877 4174">
     <span class='ocr_line' id='line_1_85' title="bbox 2221 4076 3877 4174; baseline -0.01 -17"><span class='ocrx_word' id='word_1_672' title='bbox 2221 4100 2342 4164; x_wconf 85' lang='grc' dir='ltr'>τοῖς</span> <span class='ocrx_word' id='word_1_673' title='bbox 2397 4076 2719 4174; x_wconf 82' lang='grc' dir='ltr'>πειρασμοῖς</span> <span class='ocrx_word' id='word_1_674' title='bbox 2772 4115 2900 4169; x_wconf 88' lang='grc' dir='ltr'>μου,</span> <span class='ocrx_word' id='word_1_675' title='bbox 2959 4076 3135 4170; x_wconf 62' lang='grc' dir='ltr'><strong>κάγὼ</strong></span> <span class='ocrx_word' id='word_1_676' title='bbox 3165 4089 3454 4165; x_wconf 86' lang='grc' dir='ltr'>διατίθεμαι</span> <span class='ocrx_word' id='word_1_677' title='bbox 3512 4089 3665 4163; x_wconf 79' lang='grc' dir='ltr'>ὑμῖν,</span> <span class='ocrx_word' id='word_1_678' title='bbox 3699 4076 3877 4169; x_wconf 71' lang='grc' dir='ltr'>καθῲς</span> 
     </span>
    </p>
   </div>
   <div class='ocr_carea' id='block_1_86' title="bbox 2221 4160 3875 4263">
    <p class='ocr_par' dir='ltr' id='par_1_86' title="bbox 2221 4160 3875 4263">
     <span class='ocr_line' id='line_1_86' title="bbox 2221 4160 3875 4263; baseline -0.009 -18"><span class='ocrx_word' id='word_1_679' title='bbox 2221 4160 2418 4245; x_wconf 76' lang='grc' dir='ltr'>διέθετό</span> <span class='ocrx_word' id='word_1_680' title='bbox 2464 4160 2556 4263; x_wconf 76' lang='grc' dir='ltr'><strong>μοι</strong></span> <span class='ocrx_word' id='word_1_681' title='bbox 2591 4160 2628 4240; x_wconf 47' lang='grc' dir='ltr'><em>’ὃ</em></span> <span class='ocrx_word' id='word_1_682' title='bbox 2660 4160 2843 4261; x_wconf 57' lang='grc' dir='ltr'>Πατηρ</span> <span class='ocrx_word' id='word_1_683' title='bbox 2882 4160 3009 4257; x_wconf 66' lang='grc' dir='ltr'><strong>⁷μου</strong></span> <span class='ocrx_word' id='word_1_684' title='bbox 3043 4160 3484 4256; x_wconf 41' lang='grc' dir='ltr'>’βασιλείαν,-⁹ίνο.</span> <span class='ocrx_word' id='word_1_685' title='bbox 3535 4160 3745 4242; x_wconf 79' lang='grc' dir='ltr'>ἐσθίητε</span> <span class='ocrx_word' id='word_1_686' title='bbox 3789 4160 3875 4230; x_wconf 67' lang='grc' dir='ltr'><strong>καὶ</strong></span> 
     </span>
    </p>
   </div>
   <div class='ocr_carea' id='block_1_87' title="bbox 2221 4264 3875 4349">
    <p class='ocr_par' dir='ltr' id='par_1_87' title="bbox 2221 4264 3875 4349">
     <span class='ocr_line' id='line_1_87' title="bbox 2221 4264 3875 4349; baseline -0.01 -15"><span class='ocrx_word' id='word_1_687' title='bbox 2221 4279 2409 4345; x_wconf 90' lang='grc' dir='ltr'>πίνητε</span> <span class='ocrx_word' id='word_1_688' title='bbox 2495 4275 2581 4331; x_wconf 83' lang='grc' dir='ltr'><strong>ἐπὶ</strong></span> <span class='ocrx_word' id='word_1_689' title='bbox 2636 4277 2735 4339; x_wconf 77' lang='grc' dir='ltr'>τῆς</span> <span class='ocrx_word' id='word_1_690' title='bbox 2791 4271 3055 4349; x_wconf 81' lang='grc' dir='ltr'>τραπέζης</span> <span class='ocrx_word' id='word_1_691' title='bbox 3115 4290 3239 4342; x_wconf 80' lang='grc' dir='ltr'>μου,</span> <span class='ocrx_word' id='word_1_692' title='bbox 3299 4268 3387 4323; x_wconf 81' lang='grc' dir='ltr'><strong>καὶ</strong></span> <span class='ocrx_word' id='word_1_693' title='bbox 3441 4265 3730 4336; x_wconf 80' lang='grc' dir='ltr'>καθέζησθε</span> <span class='ocrx_word' id='word_1_694' title='bbox 3791 4264 3875 4320; x_wconf 71' lang='grc' dir='ltr'><strong>ιιπῖ</strong></span> 
     </span>
    </p>
   </div>
   <div class='ocr_carea' id='block_1_88' title="bbox 494 4348 2132 4473">
    <p class='ocr_par' dir='ltr' id='par_1_88' title="bbox 494 4348 2132 4473">
     <span class='ocr_line' id='line_1_88' title="bbox 494 4348 2132 4473; baseline -0.016 -18"><span class='ocrx_word' id='word_1_695' title='bbox 494 4411 650 4473; x_wconf 89' lang='lat' dir='ltr'><strong>meo,</strong></span> <span class='ocrx_word' id='word_1_696' title='bbox 684 4397 741 4450; x_wconf 92' lang='lat' dir='ltr'><strong>et</strong></span> <span class='ocrx_word' id='word_1_697' title='bbox 771 4382 1027 4447; x_wconf 87' lang='lat' dir='ltr'><strong>sedeatis</strong></span> <span class='ocrx_word' id='word_1_698' title='bbox 1049 4348 1228 4458; x_wconf 73' lang='lat' dir='ltr'><strong>super</strong></span> <span class='ocrx_word' id='word_1_699' title='bbox 1250 4378 1523 4456; x_wconf 82' lang='lat' dir='ltr'><strong>thronos,</strong></span> <span class='ocrx_word' id='word_1_700' title='bbox 1549 4374 1709 4473; x_wconf 46' lang='lat' dir='ltr'><strong>indic</strong></span> <span class='ocrx_word' id='word_1_701' title='bbox 1722 4383 1895 4433; x_wconf 87' lang='lat' dir='ltr'><strong>antes</strong></span> <span class='ocrx_word' id='word_1_702' title='bbox 1914 4369 2132 4473; x_wconf 58' lang='lat' dir='ltr'><strong>duode-</strong></span> 
     </span>
    </p>
   </div>
   <div class='ocr_carea' id='block_1_89' title="bbox 2219 4348 3877 4473">
    <p class='ocr_par' dir='ltr' id='par_1_89' title="bbox 2227 4348 3877 4473">
     <span class='ocr_line' id='line_1_89' title="bbox 2227 4348 3877 4445; baseline -0.008 -22"><span class='ocrx_word' id='word_1_703' title='bbox 2227 4368 2423 4445; x_wconf 83' lang='grc' dir='ltr'>θρόνων</span> <span class='ocrx_word' id='word_1_704' title='bbox 2508 4364 2770 4443; x_wconf 82' lang='grc' dir='ltr'>κρίνοντες</span> <span class='ocrx_word' id='word_1_705' title='bbox 2825 4361 2917 4425; x_wconf 82' lang='grc' dir='ltr'><strong>τὰς</strong></span> <span class='ocrx_word' id='word_1_706' title='bbox 2978 4356 3177 4415; x_wconf 85' lang='grc' dir='ltr'>δώδεκα</span> <span class='ocrx_word' id='word_1_707' title='bbox 3250 4354 3414 4436; x_wconf 74' lang='grc' dir='ltr'>φυλὰς</span> <span class='ocrx_word' id='word_1_708' title='bbox 3484 4362 3577 4412; x_wconf 90' lang='grc' dir='ltr'><strong>τοῦ</strong></span> <span class='ocrx_word' id='word_1_709' title='bbox 3632 4348 3877 4433; x_wconf 72' lang='grc' dir='ltr'>Ἰσραήλ.</span> 
     </span>
     <span class='ocr_line' id='line_1_90' title="bbox 2233 4435 3877 4473; baseline 0 0"><span class='ocrx_word' id='word_1_710' title='bbox 2233 4455 2300 4473; x_wconf 71' lang='grc' dir='ltr'>..τ</span> <span class='ocrx_word' id='word_1_711' title='bbox 2417 4451 2461 4473; x_wconf 61' lang='lat' dir='ltr'><strong>tu</strong></span> <span class='ocrx_word' id='word_1_712' title='bbox 2530 4454 2545 4473; x_wconf 72' lang='grc' dir='ltr'><strong>ε</strong></span> <span class='ocrx_word' id='word_1_713' title='bbox 2612 4451 2701 4473; x_wconf 34' lang='grc' dir='ltr'>,ριν</span> <span class='ocrx_word' id='word_1_714' title='bbox 2748 4472 2791 4473; x_wconf 60' lang='lat'><strong>,,</strong></span> <span class='ocrx_word' id='word_1_715' title='bbox 2831 4464 2844 4473; x_wconf 84' lang='lat'><strong>.</strong></span> <span class='ocrx_word' id='word_1_716' title='bbox 2913 4450 3089 4473; x_wconf 37' lang='grc' dir='ltr'><strong>(ηιμ-..</strong></span> <span class='ocrx_word' id='word_1_717' title='bbox 3163 4446 3339 4473; x_wconf 52' lang='grc' dir='ltr'>Ὀλυμ,</span> <span class='ocrx_word' id='word_1_718' title='bbox 3428 4442 3531 4473; x_wconf 61' lang='grc'><strong>2&gt;-3.</strong></span> <span class='ocrx_word' id='word_1_719' title='bbox 3581 4446 3605 4473; x_wconf 72' lang='lat' dir='ltr'><strong><em>L</em></strong></span> <span class='ocrx_word' id='word_1_720' title='bbox 3640 4435 3877 4473; x_wconf 62' lang='grc' dir='ltr'><strong>ν---..;;</strong></span> 
     </span>
    </p>
   </div>
   <div class='ocr_carea' id='block_1_90' title="bbox 493 4457 2144 4543">
    <p class='ocr_par' dir='ltr' id='par_1_90' title="bbox 493 4457 2144 4543">
     <span class='ocr_line' id='line_1_91' title="bbox 493 4457 2144 4543; baseline -0.015 0"><span class='ocrx_word' id='word_1_721' title='bbox 493 4457 851 4543; x_wconf 59' lang='grc' dir='ltr'><strong>αἰψ’ῐνὶῦυε</strong></span> <span class='ocrx_word' id='word_1_722' title='bbox 898 4457 1252 4533; x_wconf 47' lang='grc' dir='ltr'><strong>ΙενεεΙξΑὶι</strong></span> <span class='ocrx_word' id='word_1_723' title='bbox 1303 4476 1497 4526; x_wconf 89' lang='lat' dir='ltr'><strong>autem</strong></span> <span class='ocrx_word' id='word_1_724' title='bbox 1552 4463 1876 4524; x_wconf 80' lang='lat' dir='ltr'><strong>Dominus:</strong></span> <span class='ocrx_word' id='word_1_725' title='bbox 1914 4457 2144 4534; x_wconf 87' lang='lat' dir='ltr'><strong>Simon,</strong></span> 
     </span>
    </p>
   </div>
   <div class='ocr_carea' id='block_1_91' title="bbox 493 4545 2148 4645">
    <p class='ocr_par' dir='ltr' id='par_1_91' title="bbox 493 4545 2148 4645">
     <span class='ocr_line' id='line_1_92' title="bbox 493 4545 2148 4645; baseline -0.017 -12"><span class='ocrx_word' id='word_1_726' title='bbox 493 4570 725 4645; x_wconf 88' lang='lat' dir='ltr'><strong>Simon,</strong></span> <span class='ocrx_word' id='word_1_727' title='bbox 753 4582 917 4634; x_wconf 91' lang='lat' dir='ltr'><strong>ecce,</strong></span> <span class='ocrx_word' id='word_1_728' title='bbox 949 4563 1196 4620; x_wconf 82' lang='lat' dir='ltr'><strong>Satanas</strong></span> <span class='ocrx_word' id='word_1_729' title='bbox 1255 4552 1537 4635; x_wconf 78' lang='lat' dir='ltr'><strong>expetivit</strong></span> <span class='ocrx_word' id='word_1_730' title='bbox 1592 4570 1719 4624; x_wconf 89' lang='lat' dir='ltr'><strong>vos,</strong></span> <span class='ocrx_word' id='word_1_731' title='bbox 1753 4559 1814 4610; x_wconf 90' lang='lat' dir='ltr'><strong>nt</strong></span> <span class='ocrx_word' id='word_1_732' title='bbox 1858 4545 2148 4609; x_wconf 86' lang='lat' dir='ltr'><strong>cribraret</strong></span> 
     </span>
    </p>
   </div>
   <div class='ocr_carea' id='block_1_92' title="bbox 495 4635 2145 4723">
    <p class='ocr_par' dir='ltr' id='par_1_92' title="bbox 495 4635 2145 4723">
     <span class='ocr_line' id='line_1_93' title="bbox 495 4635 2145 4723; baseline -0.015 -2"><span class='ocrx_word' id='word_1_733' title='bbox 495 4661 650 4721; x_wconf 82' lang='lat' dir='ltr'><strong>sicut</strong></span> <span class='ocrx_word' id='word_1_734' title='bbox 676 4635 939 4715; x_wconf 79' lang='lat' dir='ltr'><strong>triticum</strong></span> <span class='ocrx_word' id='word_1_735' title='bbox 976 4670 989 4710; x_wconf 91' lang='lat'>:</span> <span class='ocrx_word' id='word_1_736' title='bbox 1025 4647 1130 4708; x_wconf 92' lang='lat' dir='ltr'><strong>sed</strong></span> <span class='ocrx_word' id='word_1_737' title='bbox 1165 4664 1270 4723; x_wconf 88' lang='lat' dir='ltr'><strong>ego</strong></span> <span class='ocrx_word' id='word_1_738' title='bbox 1301 4644 1500 4723; x_wconf 85' lang='lat' dir='ltr'><strong>rogavi</strong></span> <span class='ocrx_word' id='word_1_739' title='bbox 1537 4661 1640 4722; x_wconf 90' lang='lat' dir='ltr'><strong>pro</strong></span> <span class='ocrx_word' id='word_1_740' title='bbox 1691 4649 1771 4719; x_wconf 85' lang='lat' dir='ltr'><strong>te,</strong></span> <span class='ocrx_word' id='word_1_741' title='bbox 1806 4658 1881 4700; x_wconf 89' lang='lat' dir='ltr'><strong>ne</strong></span> <span class='ocrx_word' id='word_1_742' title='bbox 1914 4635 2145 4699; x_wconf 79' lang='lat' dir='ltr'><strong>deficiat</strong></span> 
     </span>
    </p>
   </div>
   <div class='ocr_carea' id='block_1_93' title="bbox 501 4725 2145 4815">
    <p class='ocr_par' dir='ltr' id='par_1_93' title="bbox 501 4725 2145 4815">
     <span class='ocr_line' id='line_1_94' title="bbox 501 4725 2145 4815; baseline -0.015 -6"><span class='ocrx_word' id='word_1_743' title='bbox 501 4749 650 4809; x_wconf 84' lang='lat' dir='ltr'><strong>ﬁdes</strong></span> <span class='ocrx_word' id='word_1_744' title='bbox 687 4739 882 4804; x_wconf 88' lang='lat' dir='ltr'><strong>tua.Et</strong></span> <span class='ocrx_word' id='word_1_745' title='bbox 914 4747 978 4799; x_wconf 88' lang='lat' dir='ltr'><strong>tu</strong></span> <span class='ocrx_word' id='word_1_746' title='bbox 1011 4734 1329 4815; x_wconf 79' lang='lat' dir='ltr'><strong>aliquando</strong></span> <span class='ocrx_word' id='word_1_747' title='bbox 1371 4749 1690 4793; x_wconf 86' lang='lat' dir='ltr'><strong>conversus</strong></span> <span class='ocrx_word' id='word_1_748' title='bbox 1720 4729 2005 4790; x_wconf 83' lang='lat' dir='ltr'><strong>conﬁrma</strong></span> <span class='ocrx_word' id='word_1_749' title='bbox 2021 4725 2145 4786; x_wconf 83' lang='lat' dir='ltr'><strong>fra-</strong></span> 
     </span>
    </p>
   </div>
   <div class='ocr_carea' id='block_1_94' title="bbox 497 4821 2144 4897">
    <p class='ocr_par' dir='ltr' id='par_1_94' title="bbox 497 4821 2144 4897">
     <span class='ocr_line' id='line_1_95' title="bbox 497 4821 2144 4897; baseline -0.015 1"><span class='ocrx_word' id='word_1_750' title='bbox 497 4846 617 4897; x_wconf 92' lang='lat' dir='ltr'><strong>tres</strong></span> <span class='ocrx_word' id='word_1_751' title='bbox 646 4842 802 4894; x_wconf 92' lang='lat' dir='ltr'><strong>tuos.</strong></span> <span class='ocrx_word' id='word_1_752' title='bbox 839 4833 911 4889; x_wconf 91' lang='lat' dir='ltr'><strong>At</strong></span> <span class='ocrx_word' id='word_1_753' title='bbox 934 4826 1039 4887; x_wconf 90' lang='lat' dir='ltr'><strong>ille</strong></span> <span class='ocrx_word' id='word_1_754' title='bbox 1059 4824 1200 4885; x_wconf 80' lang='lat' dir='ltr'><strong>dixit</strong></span> <span class='ocrx_word' id='word_1_755' title='bbox 1226 4823 1280 4884; x_wconf 91' lang='lat' dir='ltr'><strong>ei</strong></span> <span class='ocrx_word' id='word_1_756' title='bbox 1320 4844 1331 4881; x_wconf 90' lang='lat'>:</span> <span class='ocrx_word' id='word_1_757' title='bbox 1369 4821 1642 4892; x_wconf 89' lang='lat' dir='ltr'><strong>Domine,</strong></span> <span class='ocrx_word' id='word_1_758' title='bbox 1676 4828 1870 4879; x_wconf 89' lang='lat' dir='ltr'><strong>tecum</strong></span> <span class='ocrx_word' id='word_1_759' title='bbox 1904 4824 2144 4896; x_wconf 89' lang='lat' dir='ltr'><strong>paratus</strong></span> 
     </span>
    </p>
   </div>
   <div class='ocr_carea' id='block_1_95' title="bbox 497 4904 2136 4987">
    <p class='ocr_par' dir='ltr' id='par_1_95' title="bbox 497 4904 2136 4987">
     <span class='ocr_line' id='line_1_96' title="bbox 497 4904 2136 4987; baseline -0.013 0"><span class='ocrx_word' id='word_1_760' title='bbox 497 4944 627 4987; x_wconf 89' lang='lat' dir='ltr'><strong>sum</strong></span> <span class='ocrx_word' id='word_1_761' title='bbox 653 4931 711 4983; x_wconf 94' lang='lat' dir='ltr'><strong>et</strong></span> <span class='ocrx_word' id='word_1_762' title='bbox 734 4922 795 4981; x_wconf 90' lang='lat' dir='ltr'><strong>in</strong></span> <span class='ocrx_word' id='word_1_763' title='bbox 826 4933 1128 4978; x_wconf 82' lang='lat' dir='ltr'><strong>carcerem</strong></span> <span class='ocrx_word' id='word_1_764' title='bbox 1159 4921 1217 4974; x_wconf 95' lang='lat' dir='ltr'><strong>et</strong></span> <span class='ocrx_word' id='word_1_765' title='bbox 1238 4912 1297 4972; x_wconf 92' lang='lat' dir='ltr'><strong>in</strong></span> <span class='ocrx_word' id='word_1_766' title='bbox 1326 4917 1576 4971; x_wconf 82' lang='lat' dir='ltr'><strong>mortem</strong></span> <span class='ocrx_word' id='word_1_767' title='bbox 1600 4909 1794 4971; x_wconf 88' lang='lat' dir='ltr'><strong>ire.At</strong></span> <span class='ocrx_word' id='word_1_768' title='bbox 1817 4906 1914 4966; x_wconf 91' lang='lat' dir='ltr'><strong>ille</strong></span> <span class='ocrx_word' id='word_1_769' title='bbox 1945 4904 2093 4965; x_wconf 85' lang='lat' dir='ltr'><strong>dixit</strong></span> <span class='ocrx_word' id='word_1_770' title='bbox 2122 4919 2136 4965; x_wconf 90' lang='lat'>:</span> 
     </span>
    </p>
   </div>
   <div class='ocr_carea' id='block_1_96' title="bbox 496 4996 2142 5083">
    <p class='ocr_par' dir='ltr' id='par_1_96' title="bbox 496 4996 2142 5083">
     <span class='ocr_line' id='line_1_97' title="bbox 496 4996 2142 5083; baseline -0.015 -7"><span class='ocrx_word' id='word_1_771' title='bbox 496 5014 644 5076; x_wconf 91' lang='lat' dir='ltr'><strong>Dico</strong></span> <span class='ocrx_word' id='word_1_772' title='bbox 676 5009 1017 5083; x_wconf 86' lang='lat' dir='ltr'><strong>tibi,Petre,</strong></span> <span class='ocrx_word' id='word_1_773' title='bbox 1051 5021 1167 5062; x_wconf 86' lang='lat' dir='ltr'><strong>non</strong></span> <span class='ocrx_word' id='word_1_774' title='bbox 1201 5008 1369 5062; x_wconf 81' lang='lat' dir='ltr'><strong>canet</strong></span> <span class='ocrx_word' id='word_1_775' title='bbox 1399 4999 1577 5060; x_wconf 90' lang='lat' dir='ltr'><strong>hodie</strong></span> <span class='ocrx_word' id='word_1_776' title='bbox 1593 4996 1780 5076; x_wconf 86' lang='lat' dir='ltr'><strong>gallus</strong></span> <span class='ocrx_word' id='word_1_777' title='bbox 1803 4996 2142 5083; x_wconf 84' lang='lat' dir='ltr'><strong>priusquam</strong></span> 
     </span>
    </p>
   </div>
   <div class='ocr_carea' id='block_1_97' title="bbox 498 5082 2146 5177">
    <p class='ocr_par' dir='ltr' id='par_1_97' title="bbox 498 5082 2146 5177">
     <span class='ocr_line' id='line_1_98' title="bbox 498 5082 2146 5177; baseline -0.014 -12"><span class='ocrx_word' id='word_1_778' title='bbox 498 5113 588 5165; x_wconf 90' lang='lat' dir='ltr'><strong>ter</strong></span> <span class='ocrx_word' id='word_1_779' title='bbox 607 5082 868 5177; x_wconf 88' lang='lat' dir='ltr'><strong>abneges</strong></span> <span class='ocrx_word' id='word_1_780' title='bbox 895 5082 1071 5155; x_wconf 82' lang='lat' dir='ltr'><strong>nosse</strong></span> <span class='ocrx_word' id='word_1_781' title='bbox 1104 5109 1221 5154; x_wconf 89' lang='lat' dir='ltr'><strong>me.</strong></span> <span class='ocrx_word' id='word_1_782' title='bbox 1262 5115 1282 5143; x_wconf 78' lang='grc' dir='ltr'><strong>ι</strong></span> <span class='ocrx_word' id='word_1_783' title='bbox 1336 5091 1655 5166; x_wconf 85' lang='lat' dir='ltr'><strong>Postquam</strong></span> <span class='ocrx_word' id='word_1_784' title='bbox 1689 5085 1834 5147; x_wconf 86' lang='lat' dir='ltr'><strong>dixit</strong></span> <span class='ocrx_word' id='word_1_785' title='bbox 1875 5082 2146 5144; x_wconf 76' lang='lat' dir='ltr'><strong>traditori</strong></span> 
     </span>
    </p>
   </div>
   <div class='ocr_carea' id='block_1_98' title="bbox 497 5171 2149 5267">
    <p class='ocr_par' dir='ltr' id='par_1_98' title="bbox 497 5171 2149 5267">
     <span class='ocr_line' id='line_1_99' title="bbox 497 5171 2149 5267; baseline -0.013 -15"><span class='ocrx_word' id='word_1_786' title='bbox 497 5211 608 5267; x_wconf 63' lang='lat' dir='ltr'><strong>vae,</strong></span> <span class='ocrx_word' id='word_1_787' title='bbox 663 5199 721 5252; x_wconf 91' lang='lat' dir='ltr'><strong>et</strong></span> <span class='ocrx_word' id='word_1_788' title='bbox 768 5171 828 5246; x_wconf 78' lang='lat' dir='ltr'><strong>in</strong></span> <span class='ocrx_word' id='word_1_789' title='bbox 870 5182 1071 5244; x_wconf 85' lang='lat' dir='ltr'><strong>medio</strong></span> <span class='ocrx_word' id='word_1_790' title='bbox 1122 5178 1321 5240; x_wconf 86' lang='lat' dir='ltr'><strong>docuit</strong></span> <span class='ocrx_word' id='word_1_791' title='bbox 1375 5195 1477 5237; x_wconf 91' lang='lat' dir='ltr'><strong>eos</strong></span> <span class='ocrx_word' id='word_1_792' title='bbox 1504 5175 1761 5237; x_wconf 88' lang='lat' dir='ltr'><strong>humiles</strong></span> <span class='ocrx_word' id='word_1_793' title='bbox 1794 5171 2149 5235; x_wconf 79' lang='lat' dir='ltr'><strong>essezsicut</strong></span> 
     </span>
    </p>
   </div>
   <div class='ocr_carea' id='block_1_99' title="bbox 498 5262 2147 5350">
    <p class='ocr_par' dir='ltr' id='par_1_99' title="bbox 498 5262 2147 5350">
     <span class='ocr_line' id='line_1_100' title="bbox 498 5262 2147 5350; baseline -0.016 -6"><span class='ocrx_word' id='word_1_794' title='bbox 498 5262 767 5344; x_wconf 87' lang='lat' dir='ltr'><strong>traditori</strong></span> <span class='ocrx_word' id='word_1_795' title='bbox 797 5292 882 5334; x_wconf 63' lang='lat' dir='ltr'><strong>va;</strong></span> <span class='ocrx_word' id='word_1_796' title='bbox 918 5266 1389 5350; x_wconf 84' lang='lat' dir='ltr'><strong>adjudicavit,ita</strong></span> <span class='ocrx_word' id='word_1_797' title='bbox 1412 5273 1519 5325; x_wconf 87' lang='lat' dir='ltr'><strong>ete</strong></span> <span class='ocrx_word' id='word_1_798' title='bbox 1539 5262 2147 5344; x_wconf 89' lang='lat' dir='ltr'><strong>diverso,inquit:Vos</strong></span> 
     </span>
    </p>
   </div>
   <div class='ocr_carea' id='block_1_100' title="bbox 499 5351 2145 5449">
    <p class='ocr_par' dir='ltr' id='par_1_100' title="bbox 499 5351 2145 5449">
     <span class='ocr_line' id='line_1_101' title="bbox 499 5351 2145 5449; baseline -0.013 -17"><span class='ocrx_word' id='word_1_799' title='bbox 499 5370 642 5432; x_wconf 91' lang='lat' dir='ltr'><strong>estis</strong></span> <span class='ocrx_word' id='word_1_800' title='bbox 664 5366 766 5449; x_wconf 90' lang='lat' dir='ltr'><strong>qui</strong></span> <span class='ocrx_word' id='word_1_801' title='bbox 799 5359 1105 5425; x_wconf 84' lang='lat' dir='ltr'><strong>mansistis</strong></span> <span class='ocrx_word' id='word_1_802' title='bbox 1158 5374 1391 5419; x_wconf 90' lang='lat' dir='ltr'><strong>mecum</strong></span> <span class='ocrx_word' id='word_1_803' title='bbox 1434 5354 1493 5415; x_wconf 91' lang='lat' dir='ltr'><strong>in</strong></span> <span class='ocrx_word' id='word_1_804' title='bbox 1526 5352 1945 5415; x_wconf 90' lang='lat' dir='ltr'><strong>tentationibus</strong></span> <span class='ocrx_word' id='word_1_805' title='bbox 1976 5351 2145 5426; x_wconf 89' lang='lat' dir='ltr'><strong>meis,</strong></span> 
     </span>
    </p>
   </div>
   <div class='ocr_carea' id='block_1_101' title="bbox 500 5440 2153 5523">
    <p class='ocr_par' dir='ltr' id='par_1_101' title="bbox 500 5440 2153 5523">
     <span class='ocr_line' id='line_1_102' title="bbox 500 5440 2153 5523; baseline -0.013 -1"><span class='ocrx_word' id='word_1_806' title='bbox 500 5461 637 5522; x_wconf 85' lang='lat' dir='ltr'><strong>ideo</strong></span> <span class='ocrx_word' id='word_1_807' title='bbox 670 5440 733 5517; x_wconf 77' lang='lat' dir='ltr'><strong>et</strong></span> <span class='ocrx_word' id='word_1_808' title='bbox 764 5451 1101 5514; x_wconf 89' lang='lat' dir='ltr'><strong>mercedem</strong></span> <span class='ocrx_word' id='word_1_809' title='bbox 1129 5446 1294 5508; x_wconf 89' lang='lat' dir='ltr'><strong>vobis</strong></span> <span class='ocrx_word' id='word_1_810' title='bbox 1324 5443 1722 5523; x_wconf 84' lang='lat' dir='ltr'><strong>dispono,boc</strong></span> <span class='ocrx_word' id='word_1_811' title='bbox 1749 5450 1859 5516; x_wconf 93' lang='lat' dir='ltr'><strong>est,</strong></span> <span class='ocrx_word' id='word_1_812' title='bbox 1885 5440 2153 5521; x_wconf 87' lang='lat' dir='ltr'><strong>paciscor</strong></span> 
     </span>
    </p>
   </div>
   <div class='ocr_carea' id='block_1_102' title="bbox 500 5529 2150 5622">
    <p class='ocr_par' dir='ltr' id='par_1_102' title="bbox 500 5529 2150 5622">
     <span class='ocr_line' id='line_1_103' title="bbox 500 5529 2150 5622; baseline -0.011 -14"><span class='ocrx_word' id='word_1_813' title='bbox 500 5546 803 5608; x_wconf 86' lang='lat' dir='ltr'><strong>vobiscum</strong></span> <span class='ocrx_word' id='word_1_814' title='bbox 828 5550 1055 5622; x_wconf 88' lang='lat' dir='ltr'><strong>ut,cum</strong></span> <span class='ocrx_word' id='word_1_815' title='bbox 1084 5541 1253 5598; x_wconf 88' lang='lat' dir='ltr'><strong>Pater</strong></span> <span class='ocrx_word' id='word_1_816' title='bbox 1283 5552 1451 5595; x_wconf 89' lang='lat' dir='ltr'><strong>meus</strong></span> <span class='ocrx_word' id='word_1_817' title='bbox 1475 5532 1831 5622; x_wconf 83' lang='lat' dir='ltr'><strong>disposuerit</strong></span> <span class='ocrx_word' id='word_1_818' title='bbox 1860 5529 2150 5622; x_wconf 76' lang='lat' dir='ltr'><strong>mi_hi_.hoc</strong></span> 
     </span>
    </p>
   </div>
   <div class='ocr_carea' id='block_1_103' title="bbox 502 5617 2151 5715">
    <p class='ocr_par' dir='ltr' id='par_1_103' title="bbox 502 5617 2151 5715">
     <span class='ocr_line' id='line_1_104' title="bbox 502 5617 2151 5715; baseline -0.012 -16"><span class='ocrx_word' id='word_1_819' title='bbox 502 5641 622 5715; x_wconf 82' lang='lat' dir='ltr'><strong>est,</strong></span> <span class='ocrx_word' id='word_1_820' title='bbox 681 5617 1077 5709; x_wconf 72' lang='lat' dir='ltr'><strong>segregaverit</strong></span> <span class='ocrx_word' id='word_1_821' title='bbox 1124 5624 1272 5685; x_wconf 90' lang='lat' dir='ltr'><strong>mihi</strong></span> <span class='ocrx_word' id='word_1_822' title='bbox 1326 5640 1557 5701; x_wconf 79' lang='lat' dir='ltr'><strong>regum,</strong></span> <span class='ocrx_word' id='word_1_823' title='bbox 1604 5621 1791 5683; x_wconf 86' lang='lat' dir='ltr'><strong>edatis</strong></span> <span class='ocrx_word' id='word_1_824' title='bbox 1833 5628 1891 5685; x_wconf 83' lang='lat' dir='ltr'><strong>et</strong></span> <span class='ocrx_word' id='word_1_825' title='bbox 1936 5617 2151 5680; x_wconf 75' lang='lat' dir='ltr'><strong>bibatis</strong></span> 
     </span>
    </p>
   </div>
   <div class='ocr_carea' id='block_1_104' title="bbox 2232 4442 3879 4527">
    <p class='ocr_par' dir='ltr' id='par_1_104' title="bbox 2232 4442 3879 4527">
     <span class='ocr_line' id='line_1_105' title="bbox 2232 4442 3879 4527; baseline -0.009 -15"><span class='ocrx_word' id='word_1_826' title='bbox 2232 4442 2370 4512; x_wconf 71' lang='grc' dir='ltr'>Εἶπε</span> <span class='ocrx_word' id='word_1_827' title='bbox 2413 4451 2469 4508; x_wconf 82' lang='grc' dir='ltr'>δὲ</span> <span class='ocrx_word' id='word_1_828' title='bbox 2525 4442 2553 4508; x_wconf 80' lang='grc' dir='ltr'><strong>ὃ</strong></span> <span class='ocrx_word' id='word_1_829' title='bbox 2612 4451 2796 4523; x_wconf 84' lang='grc' dir='ltr'>Κύριος</span> <span class='ocrx_word' id='word_1_830' title='bbox 2831 4464 2844 4479; x_wconf 82' lang='grc'><strong>⁸</strong></span> <span class='ocrx_word' id='word_1_831' title='bbox 2911 4450 3117 4527; x_wconf 61' lang='grc' dir='ltr'>Σίμων,</span> <span class='ocrx_word' id='word_1_832' title='bbox 3161 4446 3367 4525; x_wconf 86' lang='grc' dir='ltr'>Σίμων,</span> <span class='ocrx_word' id='word_1_833' title='bbox 3428 4442 3535 4501; x_wconf 82' lang='grc' dir='ltr'>ἰδοὺ</span> <span class='ocrx_word' id='word_1_834' title='bbox 3579 4446 3608 4499; x_wconf 79' lang='grc' dir='ltr'>ὃ</span> <span class='ocrx_word' id='word_1_835' title='bbox 3638 4448 3879 4525; x_wconf 78' lang='grc' dir='ltr'>Σατανᾶς</span> 
     </span>
    </p>
   </div>
   <div class='ocr_carea' id='block_1_105' title="bbox 2228 4520 3881 4621">
    <p class='ocr_par' dir='ltr' id='par_1_105' title="bbox 2228 4520 3881 4621">
     <span class='ocr_line' id='line_1_106' title="bbox 2228 4520 3881 4621; baseline -0.008 -21"><span class='ocrx_word' id='word_1_836' title='bbox 2228 4542 2524 4621; x_wconf 76' lang='grc' dir='ltr'>ἐξῃτήσατο</span> <span class='ocrx_word' id='word_1_837' title='bbox 2565 4520 2701 4615; x_wconf 76' lang='grc' dir='ltr'>ὑμᾶς</span> <span class='ocrx_word' id='word_1_838' title='bbox 2758 4545 2849 4595; x_wconf 85' lang='grc' dir='ltr'><strong>τοῦ</strong></span> <span class='ocrx_word' id='word_1_839' title='bbox 2887 4520 3125 4595; x_wconf 35' lang='grc' dir='ltr'>συν-ιάσαί</span> <span class='ocrx_word' id='word_1_840' title='bbox 3183 4538 3256 4599; x_wconf 84' lang='grc' dir='ltr'>ὡς</span> <span class='ocrx_word' id='word_1_841' title='bbox 3299 4520 3391 4592; x_wconf 63' lang='grc' dir='ltr'><strong>τδν</strong></span> <span class='ocrx_word' id='word_1_842' title='bbox 3425 4547 3576 4591; x_wconf 87' lang='grc' dir='ltr'>σῖτον</span> <span class='ocrx_word' id='word_1_843' title='bbox 3611 4551 3626 4566; x_wconf 86' lang='grc'><em>’</em></span> <span class='ocrx_word' id='word_1_844' title='bbox 3691 4520 3881 4612; x_wconf 70' lang='grc' dir='ltr'>ἐγὼδὲ</span> 
     </span>
    </p>
   </div>
   <div class='ocr_carea' id='block_1_106' title="bbox 2228 4620 3884 4709">
    <p class='ocr_par' dir='ltr' id='par_1_106' title="bbox 2228 4620 3884 4709">
     <span class='ocr_line' id='line_1_107' title="bbox 2228 4620 3884 4709; baseline -0.007 -23"><span class='ocrx_word' id='word_1_845' title='bbox 2228 4630 2447 4702; x_wconf 76' lang='grc' dir='ltr'>ἐδεήθην</span> <span class='ocrx_word' id='word_1_846' title='bbox 2478 4631 2595 4709; x_wconf 86' lang='grc' dir='ltr'>περὶ</span> <span class='ocrx_word' id='word_1_847' title='bbox 2637 4630 2753 4707; x_wconf 85' lang='grc' dir='ltr'>σοῦ,</span> <span class='ocrx_word' id='word_1_848' title='bbox 2810 4626 2901 4682; x_wconf 73' lang='grc' dir='ltr'>ἵνα</span> <span class='ocrx_word' id='word_1_849' title='bbox 2961 4626 3040 4701; x_wconf 81' lang='grc' dir='ltr'><strong>μὴ</strong></span> <span class='ocrx_word' id='word_1_850' title='bbox 3098 4621 3323 4699; x_wconf 67' lang='grc' dir='ltr'>ἐκλείπῃ</span> <span class='ocrx_word' id='word_1_851' title='bbox 3356 4624 3390 4691; x_wconf 85' lang='grc' dir='ltr'>ἡ</span> <span class='ocrx_word' id='word_1_852' title='bbox 3422 4623 3597 4702; x_wconf 88' lang='grc' dir='ltr'>πίστις</span> <span class='ocrx_word' id='word_1_853' title='bbox 3632 4642 3753 4678; x_wconf 85' lang='grc' dir='ltr'>σου.</span> <span class='ocrx_word' id='word_1_854' title='bbox 3794 4620 3884 4685; x_wconf 66' lang='grc' dir='ltr'><strong>Καὶ</strong></span> 
     </span>
    </p>
   </div>
   <div class='ocr_carea' id='block_1_107' title="bbox 2227 4699 3879 4797">
    <p class='ocr_par' dir='ltr' id='par_1_107' title="bbox 2227 4699 3879 4797">
     <span class='ocr_line' id='line_1_108' title="bbox 2227 4699 3879 4797; baseline -0.006 -20"><span class='ocrx_word' id='word_1_855' title='bbox 2227 4723 2288 4777; x_wconf 89' lang='grc' dir='ltr'><strong>σύ</strong></span> <span class='ocrx_word' id='word_1_856' title='bbox 2337 4699 2479 4777; x_wconf 66' lang='grc' dir='ltr'><strong>⁷ποτε</strong></span> <span class='ocrx_word' id='word_1_857' title='bbox 2527 4699 2872 4797; x_wconf 48' lang='grc' dir='ltr'>ἐπιστρέψας,</span> <span class='ocrx_word' id='word_1_858' title='bbox 2919 4699 3251 4792; x_wconf 72' lang='grc' dir='ltr'>ἐπιπήριξον</span> <span class='ocrx_word' id='word_1_859' title='bbox 3304 4712 3424 4777; x_wconf 84' lang='grc' dir='ltr'>τοὺς</span> <span class='ocrx_word' id='word_1_860' title='bbox 3476 4699 3733 4791; x_wconf 69' lang='grc' dir='ltr'>ἀδελφούς</span> <span class='ocrx_word' id='word_1_861' title='bbox 3764 4730 3879 4795; x_wconf 66' lang='grc' dir='ltr'>σοι).</span> 
     </span>
    </p>
   </div>
   <div class='ocr_carea' id='block_1_108' title="bbox 2229 4790 3881 4887">
    <p class='ocr_par' dir='ltr' id='par_1_108' title="bbox 2229 4790 3881 4887">
     <span class='ocr_line' id='line_1_109' title="bbox 2229 4790 3881 4887; baseline -0.009 -17"><span class='ocrx_word' id='word_1_862' title='bbox 2229 4804 2286 4871; x_wconf 61' lang='grc' dir='ltr'>Ὀ</span> <span class='ocrx_word' id='word_1_863' title='bbox 2331 4812 2385 4868; x_wconf 80' lang='grc' dir='ltr'>δὲ</span> <span class='ocrx_word' id='word_1_864' title='bbox 2416 4812 2570 4868; x_wconf 77' lang='grc' dir='ltr'>εἶπεν</span> <span class='ocrx_word' id='word_1_865' title='bbox 2604 4790 2791 4883; x_wconf 24' lang='grc' dir='ltr'>αὐτῷ-⁸</span> <span class='ocrx_word' id='word_1_866' title='bbox 2829 4806 3009 4887; x_wconf 86' lang='grc' dir='ltr'>Κύριε,</span> <span class='ocrx_word' id='word_1_867' title='bbox 3068 4790 3205 4881; x_wconf 78' lang='grc' dir='ltr'>μετὰ</span> <span class='ocrx_word' id='word_1_868' title='bbox 3254 4810 3349 4861; x_wconf 90' lang='grc' dir='ltr'><strong>σοῦ</strong></span> <span class='ocrx_word' id='word_1_869' title='bbox 3399 4790 3750 4877; x_wconf 13' lang='grc' dir='ltr'>ἔτοιμόςνεῖμι</span> <span class='ocrx_word' id='word_1_870' title='bbox 3796 4790 3881 4875; x_wconf 72' lang='grc' dir='ltr'><strong>καὶ</strong></span> 
     </span>
    </p>
   </div>
   <div class='ocr_carea' id='block_1_109' title="bbox 2226 4884 3875 4982">
    <p class='ocr_par' dir='ltr' id='par_1_109' title="bbox 2226 4884 3875 4982">
     <span class='ocr_line' id='line_1_110' title="bbox 2226 4884 3875 4982; baseline -0.008 -24"><span class='ocrx_word' id='word_1_871' title='bbox 2226 4904 2299 4965; x_wconf 77' lang='grc' dir='ltr'><strong>εἰς</strong></span> <span class='ocrx_word' id='word_1_872' title='bbox 2344 4900 2581 4982; x_wconf 75' lang='grc' dir='ltr'>φυλακὴν</span> <span class='ocrx_word' id='word_1_873' title='bbox 2636 4899 2723 4955; x_wconf 80' lang='grc' dir='ltr'><strong>καὶ</strong></span> <span class='ocrx_word' id='word_1_874' title='bbox 2767 4898 2841 4961; x_wconf 80' lang='grc' dir='ltr'>εἷς</span> <span class='ocrx_word' id='word_1_875' title='bbox 2896 4884 3117 4952; x_wconf 77' lang='grc' dir='ltr'>θάνατον</span> <span class='ocrx_word' id='word_1_876' title='bbox 3145 4892 3472 4973; x_wconf 85' lang='grc' dir='ltr'>πορεύεσθαι.</span> <span class='ocrx_word' id='word_1_877' title='bbox 3510 4884 3569 4949; x_wconf 75' lang='grc' dir='ltr'>Ὀ</span> <span class='ocrx_word' id='word_1_878' title='bbox 3597 4888 3654 4948; x_wconf 79' lang='grc' dir='ltr'>δὲ</span> <span class='ocrx_word' id='word_1_879' title='bbox 3700 4894 3826 4946; x_wconf 79' lang='grc' dir='ltr'>εἶπε</span> <span class='ocrx_word' id='word_1_880' title='bbox 3861 4907 3875 4921; x_wconf 91' lang='grc'><strong>·</strong></span> 
     </span>
    </p>
   </div>
   <div class='ocr_carea' id='block_1_110' title="bbox 2226 4979 3878 5069">
    <p class='ocr_par' dir='ltr' id='par_1_110' title="bbox 2226 4979 3878 5069">
     <span class='ocr_line' id='line_1_111' title="bbox 2226 4979 3878 5069; baseline -0.008 -21"><span class='ocrx_word' id='word_1_881' title='bbox 2226 4979 2380 5069; x_wconf 78' lang='grc' dir='ltr'>Λέγω</span> <span class='ocrx_word' id='word_1_882' title='bbox 2423 5012 2530 5069; x_wconf 87' lang='grc' dir='ltr'>σοι,</span> <span class='ocrx_word' id='word_1_883' title='bbox 2581 4988 2767 5066; x_wconf 81' lang='grc' dir='ltr'>Πέτρε,</span> <span class='ocrx_word' id='word_1_884' title='bbox 2814 4987 2874 5043; x_wconf 79' lang='grc' dir='ltr'><strong>οὒ</strong></span> <span class='ocrx_word' id='word_1_885' title='bbox 2916 4986 2994 5059; x_wconf 78' lang='grc' dir='ltr'>μὴ</span> <span class='ocrx_word' id='word_1_886' title='bbox 3051 4985 3286 5064; x_wconf 75' lang='grc' dir='ltr'>φωνήσει</span> <span class='ocrx_word' id='word_1_887' title='bbox 3333 4983 3566 5061; x_wconf 76' lang='grc' dir='ltr'>σήμερον</span> <span class='ocrx_word' id='word_1_888' title='bbox 3613 4979 3878 5058; x_wconf 70' lang='grc' dir='ltr'>ἀλέκτωρ,</span> 
     </span>
    </p>
   </div>
   <div class='ocr_carea' id='block_1_111' title="bbox 2227 5065 3880 5159">
    <p class='ocr_par' dir='ltr' id='par_1_111' title="bbox 2227 5065 3880 5159">
     <span class='ocr_line' id='line_1_112' title="bbox 2227 5065 3880 5159; baseline -0.009 -22"><span class='ocrx_word' id='word_1_889' title='bbox 2227 5065 2347 5159; x_wconf 70' lang='grc' dir='ltr'>πρὶν</span> <span class='ocrx_word' id='word_1_890' title='bbox 2402 5080 2439 5149; x_wconf 75' lang='grc' dir='ltr'>ἢ</span> <span class='ocrx_word' id='word_1_891' title='bbox 2496 5065 2605 5158; x_wconf 76' lang='grc' dir='ltr'>τρὶς</span> <span class='ocrx_word' id='word_1_892' title='bbox 2661 5065 2945 5155; x_wconf 75' lang='grc' dir='ltr'>ἀπαρνήσῃ</span> <span class='ocrx_word' id='word_1_893' title='bbox 3005 5075 3085 5150; x_wconf 76' lang='grc' dir='ltr'>μὴ</span> <span class='ocrx_word' id='word_1_894' title='bbox 3154 5070 3339 5129; x_wconf 80' lang='grc' dir='ltr'>εἰδέναι</span> <span class='ocrx_word' id='word_1_895' title='bbox 3397 5091 3485 5146; x_wconf 91' lang='grc' dir='ltr'><strong>με,</strong></span> <span class='ocrx_word' id='word_1_896' title='bbox 3546 5093 3579 5159; x_wconf 11' lang='grc' dir='ltr'><strong>ν»</strong></span> <span class='ocrx_word' id='word_1_897' title='bbox 3657 5065 3880 5133; x_wconf 81' lang='grc' dir='ltr'>Ἐπειδὴ</span> 
     </span>
    </p>
   </div>
   <div class='ocr_carea' id='block_1_112' title="bbox 2230 5157 3882 5244">
    <p class='ocr_par' dir='ltr' id='par_1_112' title="bbox 2230 5157 3882 5244">
     <span class='ocr_line' id='line_1_113' title="bbox 2230 5157 3882 5244; baseline -0.007 -17"><span class='ocrx_word' id='word_1_898' title='bbox 2230 5157 2414 5243; x_wconf 60' lang='grc' dir='ltr'>εἶπεν,</span> <span class='ocrx_word' id='word_1_899' title='bbox 2474 5157 2556 5225; x_wconf 81' lang='grc' dir='ltr'>ὅτι</span> <span class='ocrx_word' id='word_1_900' title='bbox 2614 5172 2702 5241; x_wconf 86' lang='grc' dir='ltr'>Τῷ</span> <span class='ocrx_word' id='word_1_901' title='bbox 2744 5161 3081 5244; x_wconf 85' lang='grc' dir='ltr'>παραδιδόντι</span> <span class='ocrx_word' id='word_1_902' title='bbox 3128 5183 3194 5239; x_wconf 88' lang='grc' dir='ltr'><strong>με</strong></span> <span class='ocrx_word' id='word_1_903' title='bbox 3239 5162 3374 5234; x_wconf 74' lang='grc' dir='ltr'>οίκιὶ,</span> <span class='ocrx_word' id='word_1_904' title='bbox 3422 5160 3509 5216; x_wconf 87' lang='grc' dir='ltr'><strong>καὶ</strong></span> <span class='ocrx_word' id='word_1_905' title='bbox 3540 5158 3594 5215; x_wconf 80' lang='grc' dir='ltr'><strong>ἐν</strong></span> <span class='ocrx_word' id='word_1_906' title='bbox 3622 5164 3701 5233; x_wconf 81' lang='grc' dir='ltr'>τῷ</span> 
     </span>
    </p>
   </div>
   <div class='ocr_carea' id='block_1_113' title="bbox 2233 5246 3885 5331">
    <p class='ocr_par' dir='ltr' id='par_1_113' title="bbox 2233 5246 3885 5331">
     <span class='ocr_line' id='line_1_114' title="bbox 2233 5246 3885 5331; baseline -0.007 -16"><span class='ocrx_word' id='word_1_907' title='bbox 2233 5258 2456 5323; x_wconf 78' lang='grc' dir='ltr'>ἐδίδαξεν</span> <span class='ocrx_word' id='word_1_908' title='bbox 2500 5256 2709 5329; x_wconf 75' lang='grc' dir='ltr'>αὖτοὺς,</span> <span class='ocrx_word' id='word_1_909' title='bbox 2770 5252 2851 5312; x_wconf 80' lang='grc' dir='ltr'>ὅτι</span> <span class='ocrx_word' id='word_1_910' title='bbox 2919 5251 3001 5309; x_wconf 88' lang='grc' dir='ltr'><strong>δεῖ</strong></span> <span class='ocrx_word' id='word_1_911' title='bbox 3058 5261 3459 5331; x_wconf 76' lang='grc' dir='ltr'>μετριοφρονεῖν</span> <span class='ocrx_word' id='word_1_912' title='bbox 3493 5263 3507 5278; x_wconf 90' lang='grc'>·</span> <span class='ocrx_word' id='word_1_913' title='bbox 3584 5246 3768 5327; x_wconf 81' lang='grc' dir='ltr'>ὥσπερ</span> <span class='ocrx_word' id='word_1_914' title='bbox 3809 5253 3885 5324; x_wconf 76' lang='grc' dir='ltr'>τῷ</span> 
     </span>
    </p>
   </div>
   <div class='ocr_carea' id='block_1_114' title="bbox 2232 5336 3891 5427">
    <p class='ocr_par' dir='ltr' id='par_1_114' title="bbox 2232 5336 3891 5427">
     <span class='ocr_line' id='line_1_115' title="bbox 2232 5336 3891 5427; baseline -0.009 -23"><span class='ocrx_word' id='word_1_915' title='bbox 2232 5344 2569 5427; x_wconf 87' lang='grc' dir='ltr'>παραδιδόντι</span> <span class='ocrx_word' id='word_1_916' title='bbox 2598 5345 2660 5400; x_wconf 83' lang='grc' dir='ltr'>τὸ</span> <span class='ocrx_word' id='word_1_917' title='bbox 2719 5344 2835 5400; x_wconf 71' lang='grc' dir='ltr'>οὐαὶ</span> <span class='ocrx_word' id='word_1_918' title='bbox 2890 5338 3438 5427; x_wconf 72' lang='grc' dir='ltr'>προσαπεκλήρωσεν,</span> <span class='ocrx_word' id='word_1_919' title='bbox 3495 5336 3664 5399; x_wconf 75' lang='grc' dir='ltr'>οὕτως</span> <span class='ocrx_word' id='word_1_920' title='bbox 3702 5337 3891 5401; x_wconf 66' lang='grc' dir='ltr'>αὐτοῖς</span> 
     </span>
    </p>
   </div>
   <div class='ocr_carea' id='block_1_115' title="bbox 2233 5419 3888 5513">
    <p class='ocr_par' dir='ltr' id='par_1_115' title="bbox 2233 5419 3888 5513">
     <span class='ocr_line' id='line_1_116' title="bbox 2233 5419 3888 5513; baseline -0.008 -19"><span class='ocrx_word' id='word_1_921' title='bbox 2233 5419 2429 5494; x_wconf 56' lang='grc' dir='ltr'>ἐκτοῦ</span> <span class='ocrx_word' id='word_1_922' title='bbox 2471 5433 2707 5491; x_wconf 86' lang='grc' dir='ltr'>ἐναντίου</span> <span class='ocrx_word' id='word_1_923' title='bbox 2765 5419 2951 5513; x_wconf 62' lang='grc' dir='ltr'>φησὶν,</span> <span class='ocrx_word' id='word_1_924' title='bbox 3009 5427 3091 5486; x_wconf 76' lang='grc' dir='ltr'>ὅτι</span> <span class='ocrx_word' id='word_1_925' title='bbox 3139 5419 3325 5504; x_wconf 72' lang='grc' dir='ltr'>’Υμεῖς</span> <span class='ocrx_word' id='word_1_926' title='bbox 3365 5424 3421 5483; x_wconf 84' lang='grc' dir='ltr'><strong>δέ</strong></span> <span class='ocrx_word' id='word_1_927' title='bbox 3478 5425 3595 5483; x_wconf 87' lang='grc' dir='ltr'>ἐστε</span> <span class='ocrx_word' id='word_1_928' title='bbox 3624 5426 3673 5481; x_wconf 71' lang='grc' dir='ltr'>οἱ</span> <span class='ocrx_word' id='word_1_929' title='bbox 3706 5447 3888 5513; x_wconf 68' lang='grc' dir='ltr'>παραε-</span> 
     </span>
    </p>
   </div>
   <div class='ocr_carea' id='block_1_116' title="bbox 2234 5511 3887 5603">
    <p class='ocr_par' dir='ltr' id='par_1_116' title="bbox 2234 5511 3887 5603">
     <span class='ocr_line' id='line_1_117' title="bbox 2234 5511 3887 5603; baseline -0.009 -20"><span class='ocrx_word' id='word_1_930' title='bbox 2234 5525 2597 5603; x_wconf 79' lang='grc' dir='ltr'>μεμενηκότες</span> <span class='ocrx_word' id='word_1_931' title='bbox 2648 5511 2789 5599; x_wconf 12' lang='grc' dir='ltr'>μετ⁹ή</span> <span class='ocrx_word' id='word_1_932' title='bbox 2811 5520 2941 5597; x_wconf 87' lang='grc' dir='ltr'>ἐμοῦ</span> <span class='ocrx_word' id='word_1_933' title='bbox 2983 5518 3039 5575; x_wconf 83' lang='grc' dir='ltr'><strong>ἐν</strong></span> <span class='ocrx_word' id='word_1_934' title='bbox 3078 5530 3196 5583; x_wconf 87' lang='grc' dir='ltr'>τοῖς</span> <span class='ocrx_word' id='word_1_935' title='bbox 3237 5527 3558 5595; x_wconf 74' lang='grc' dir='ltr'>πειρασμοῖς</span> <span class='ocrx_word' id='word_1_936' title='bbox 3602 5534 3704 5589; x_wconf 89' lang='grc' dir='ltr'><strong>μου</strong></span> <span class='ocrx_word' id='word_1_937' title='bbox 3741 5534 3754 5547; x_wconf 92' lang='grc'>·</span> <span class='ocrx_word' id='word_1_938' title='bbox 3808 5511 3887 5597; x_wconf 70' lang='grc' dir='ltr'>διὸ</span> 
     </span>
    </p>
   </div>
   <div class='ocr_carea' id='block_1_117' title="bbox 2234 5596 3881 5691">
    <p class='ocr_par' dir='ltr' id='par_1_117' title="bbox 2234 5596 3881 5691">
     <span class='ocr_line' id='line_1_118' title="bbox 2234 5596 3881 5691; baseline -0.006 -18"><span class='ocrx_word' id='word_1_939' title='bbox 2382 5611 2605 5691; x_wconf 74' lang='grc' dir='ltr'>ἀμοιϐὰς</span> <span class='ocrx_word' id='word_1_940' title='bbox 2652 5596 2791 5687; x_wconf 17' lang='grc' dir='ltr'>*ὑμῖν</span> <span class='ocrx_word' id='word_1_941' title='bbox 2869 5608 3184 5691; x_wconf 83' lang='grc' dir='ltr'>διατίθεμαι,</span> <span class='ocrx_word' id='word_1_942' title='bbox 3268 5605 3529 5685; x_wconf 69' lang='grc' dir='ltr'>τουτέστι,</span> 
     </span>
    </p>
   </div>
  </div>
