4126 6282
452 350 604 416 1075
1431 347 2029 416 THEOPHYLACTI
2072 346 2115 407 B

2201 345 2485 407 .GARI/E
2527 345 2888 408 ARCHIEP.
3702 334 3862 403 1076

450 477 660 540 cidens
683 477 872 539 amori
896 485 996 540 tuo
1021 477 1083 538 in
1110 496 1229 553 me,
1264 478 1416 541 sicut
1445 477 1500 541 ei
1530 497 1659 540 mos
1707 488 1818 543 est.
1840 480 1987 542 Nam
2018 479 2104 540 sic

2201 477 2424 558 τάνοιαν,
2471 481 2557 535 καὶ
2614 476 2778 540 0635i;
2843 478 2950 534 τῶν
2988 477 3354 534 πιστευόντων
3398 477 3472 540 εἷς
3533 473 3630 547 ἐμὲ
3699 472 3853 527 ἀπο-

451 565 627 628 etiam
645 565 756 629 Job
786 565 1249 628 invasit.Verum
1274 586 1381 646 ego
1414 587 1531 628 non
1563 568 1805 630 omnino
1829 578 1886 631 te
1912 570 2090 632 dere-

2201 567 2440 642 fVO’JO’S‘L’It
2485 565 2802 624 ἀποϐλέπων
2875 569 3002 646 πρὸς
3088 567 3145 622 σὲ

450 655 813 735 linquam.ut
842 656 1079 717 deficiat
1106 655 1167 716 in
1200 656 1538 719 universum
1567 656 1713 718 fides
1735 666 1855 721 tua.
1886 658 2094 730 Quam-

2201 654 2330 727 ἶντα,
2392 656 2756 735 ἀρνησάμενον
2813 655 2892 728 δὲ,
2925 657 3013 711 καὶ
3043 654 3205 711 πάλιν
3251 654 3315 711 τά
3356 666 3598 729 πρωτεῖα
3626 652 3857 706 πάντων

449 743 536 804 vis
563 752 762 806 autem
795 763 904 823 ego
934 744 1261 822 rogaverim
1291 764 1396 825 pro
1433 752 1781 818 te,attamen
1813 755 1873 809 tu
1897 765 1974 808 ne
1996 764 2096 806 re-

2201 745 2268 800 ιαὶ
2323 745 2422 812 τὴν
2471 748 2569 814 τῆς
2631 747 2945 820 οἰκουμένης
2999 745 3305 801 ἐπιστασίαν
3350 742 3581 799 λαϐόντα
3628 738 3722 795 διὰ
3754 742 3857 807 τῆς

449 832 806 908 cideris,sed
842 834 1307 909 conversus,hoc
1338 843 1447 909 est,
1460 834 1861 913 paenitentiam
1893 852 2095 913 agens,

2201 834 2490 896 ιετανοίας,
2550 835 2822 905 ’ῌτήσατο
2872 843 2959 890 οῦν
3005 838 3032 891 6
3090 840 3327 898 Σατανᾶς
3380 832 3608 889 σινιάσαι
3639 851 3730 901 σε,
3770 827 3861 882 καὶ

3225 567 3312 621 τὸν
3378 561 3681 620 ἀπόστολον
3746 563 3849 633 μὲν
3936 595 3945 601 -

451 920 816 1011 etlacrymas
843 922 1231 1002 profundens,
1258 930 1317 983 et
1339 924 1647 1002 negatione
1670 924 2101 999 resiliens,esto

2201 921 2387 997 Ξλάψαι
2443 923 2621 1011 ὥσπερ
2670 936 2821 979 σῖτον
2874 926 3122 1003 καθαρὸν,
3186 919 3574 1003 παρεμϐάλλων
3608 919 3703 1011 Δτά
3759 917 3859 994 ῥυ-

454 1010 634 1071 etiam
679 1010 812 1071 aliis
859 1012 1219 1090 poenitentiae
1262 1012 1589 1091 exemplar,
1634 1031 1709 1075 ne
1759 1013 2100 1092 desperent.

2188 1012 2466 1091 παίνοντα,
2495 1007 2591 1068 οἷα
2640 1010 2704 1078 δὴ
2735 1016 2937 1091 φθονῶν
2992 1035 3075 1068 σοι
3132 1017 3231 1078 τῆς
3286 1012 3415 1089 πρὸς
3474 1009 3569 1082 ἐμὲ
3600 1007 3855 1085 ἀγάπης,

453 1096 603 1169 Quid
632 1100 810 1177 igitur
841 1102 1082 1162 Petrus?
1107 1099 1282 1160 Multa
1305 1100 1564 1162 charitas
1603 1101 1935 1162 animosum
1970 1118 2104 1161 eum

2201 1100 2367 1178 ὥσπερ
2425 1100 2540 1164 ἔθος
2602 1101 2766 1174 αύτῷ.
2827 1101 2979 1157 Οὕτω
3026 1102 3125 1178 γὰρ
3180 1102 3267 1156 καὶ
3322 1104 3397 1172 τῷ
3456 1096 3576 1155 Ἰὼϐ
3632 1092 3855 1151 ἐπεδεί-

452 1186 1180 1269 reddidit,utpolliceatur
1208 1207 1340 1268 quae
1371 1188 1486 1249 sibi
1513 1196 1656 1250 tunc
1688 1188 2106 1270 impossibilia:

454 1273 741 1338 Dominus
756 1286 954 1339 autem
976 1276 1229 1337 ubividit
1248 1296 1385 1339 eum
1401 1278 1716 1339 temeraria
1731 1278 1889 1358 loqui
1915 1277 2109 1357 (Opor-

457 1363 617 1427 tebat
647 1367 804 1427 enim
840 1367 1026 1427 semel
1060 1366 1258 1428 audita
1286 1366 1555 1438 veritate,
1583 1387 1715 1448 quae
1766 1368 1821 1428 ei
1879 1363 2115 1452 dicebat

457 1452 615 1531 quod
650 1454 966 1515 lentandus
997 1463 1177 1535 esset,
1204 1474 1322 1515 non
1351 1455 1658 1536 reluctari)
1698 1455 2115 1518 munifestatel

460 1543 805 1604 tentationis
832 1544 1121 1623 speeiem,
1150 1562 1365 1625 nempe
1387 1545 1527 1605 472
1558 1546 1957 1621 negationem.
1991 1542 2115 1603 Hoc

455 1640 653 1693 autem
681 1632 809 1693 loco
826 1631 1116 1694 discimus
1151 1652 1423 1711 magnam
1448 1633 1969 1715 doctrinam,quod
1994 1649 2112 1692 non

458 1721 709 1784 sufﬁciat
733 1721 1100 1802 propositum
1135 1723 1395 1785 hominis
1417 1724 1642 1804 absque
1670 1723 1935 1786 subsidio
1966 1723 2107 1785 Dei:

2193 1187 2314 1253 ξατο
2347 1204 2361 1219 ⁸
2411 1188 2529 1245 ἀλλ’
2588 1189 2695 1266 ἐγὼ
2753 1193 2811 1248 οὗ
2855 1189 3030 1255 πάντη
3085 1211 3143 1243 σε
3187 1188 3556 1265 ἐγκατέλιπον,
3619 1182 3716 1240 ἵνα
3776 1184 3857 1258 μὴ

2196 1276 2413 1352 ἐκλείπῃ
2461 1280 2494 1344 η
2525 1280 2697 1342 πίστις
2730 1300 2822 1334 σου
2877 1279 2949 1341 εἷς
3004 1280 3065 1333 τὸ
3097 1276 3374 1337 παντελές.
3412 1277 3469 1333 Εἰ
3500 1277 3588 1330 καὶ
3619 1270 3856 1340 ἐδεήθην

2196 1363 2250 1421 δὲ
2308 1365 2414 1443 ἐγὼ
2456 1365 2612 1431 αὒτὸς
2662 1369 2777 1437 περὶ
2823 1373 2939 1445 σοῦ,
2972 1365 3117 1440 ὅμως
3176 1368 3237 1421 σὺ
3281 1366 3359 1441 μὴ
3390 1364 3688 1433 ἀναπέσης,
3724 1358 3855 1415 ἀλλ’

2194 1453 2537 1531 ἐπιστρέψας,
2621 1454 2883 1535 τουτέστι,
2970 1456 3303 1531 μετανοήσας
3389 1456 3476 1510 καὶ
3556 1450 3855 1528 δακρύσας,

2194 1545 2280 1600 καὶ
2332 1544 2436 1600 ἀπὸ
2490 1549 2585 1611 τῆς
2643 1545 2916 1622 ἀρνήσεως
2966 1546 3179 1625 φυγὼν,
3227 1553 3382 1621 γενοῦ
3438 1543 3524 1598 καὶ
3565 1554 3685 1601 τοῖς
3749 1536 3858 1594 ἄλ-

2193 1632 2305 1698 λοις
2361 1648 2572 1699 πιστοῖς
2620 1636 2781 1697 τύπος
2839 1642 2929 1692 τοῦ
2988 1649 3293 1710 μετανοεῖν,
3340 1634 3537 1706 καὶμὴ
3569 1629 3857 1707 ἀπογινώ-

2195 1743 2364 1784 σκειν,
2410 1724 2468 1779 Τί
2524 1723 2611 1778 οὖν
2668 1725 2696 1779 6
2740 1722 2986 1797 Πέτρος;
3036 1723 3133 1780 Ἐκ
3186 1722 3391 1790 πολλῆς
3444 1721 3659 1798 ἀγάπης
3712 1722 3857 1796 θρα-

460 1811 964 1892 quemadmodum
1014 1821 1069 1872 et
1128 1810 1334 1873 Petrus
1378 1830 1584 1894 parum
1633 1812 1980 1881 derelictus,
2027 1820 2115 1873 la-

2201 1811 2428 1883 σύνεται,
2494 1813 2580 1867 καὶ
2656 1813 2999 1891 ὑπισχνεῖται
3070 1814 3136 1869 τὰ
3191 1811 3324 1877 τέως
3382 1812 3523 1884 αύτῷ
3591 1807 3857 1883 ἀδύνατα,

462 1899 640 1962 metsi
686 1901 1034 1962 charitatem
1085 1919 1154 1961 ac
1201 1901 1495 1964 fervorem
1537 1901 1758 1964 habere
1790 1901 2109 1967 videretur,

461 1989 563 2051 ubi
606 1989 851 2070 reliquit
902 2008 1037 2053 eum
1098 1989 1277 2067 Deus,
1314 1990 1726 2071 supplantatus
1756 1998 1848 2052 est
1892 1989 1966 2052 ab
1998 1988 2111 2049 ini-

463 2077 640 2140 mico.
674 2077 983 2142 Etiterum
1011 2099 1131 2141 non
1163 2080 1383 2152 sufﬁcit
1411 2079 1516 2142 Dei
1549 2079 1966 2159 subsidium,si
1996 2095 2114 2138 non

460 2167 694 2230 affuerit
726 2176 786 2231 et
811 2170 1137 2230 humanum
1165 2169 1531 2249 propositum
1564 2187 1578 2231 :
1612 2165 2111 2248 quemadmodum

463 2262 521 2316 et
546 2255 734 2331 Judze,
770 2256 915 2317 nihil
942 2256 1161 2335 profuit
1193 2256 1460 2337 quamvis
1502 2256 1703 2318 omnia
1748 2255 1969 2317 faceret
1995 2253 2112 2314 Do-

465 2342 664 2404 minus
692 2353 752 2405 ut
780 2343 1157 2406 lucrifaceret
1188 2361 1348 2420 eum,
1384 2363 1518 2405 cum
1570 2343 1809 2406 abesset
1853 2342 1911 2404 ei
1960 2342 2116 2403 bona

464 2431 1123 2495 voluntas.Horreamus
1134 2440 1331 2493 autem
1356 2432 2111 2512 considerantes,quantum

466 2529 673 2582 contra
699 2522 982 2582 remissos
1010 2521 1244 2585 valeant
1271 2520 1506 2583 insidiae
1526 2521 1927 2584 diaboli‘.Ecce
1954 2520 2113 2581 enim

466 2614 526 2669 et
554 2606 668 2669 hoc
699 2609 831 2673 loco
856 2608 1094 2689 Petrus,
1127 2609 1399 2689 quamvis
1426 2630 1456 2669 a
1491 2609 1613 2671 Deo
1640 2616 2113 2687 conservaretur,

464 2697 607 2776 quia
634 2714 809 2777 parvo
834 2705 1097 2778 tempore
1131 2716 1237 2778 per
1267 2697 1773 2779 dispensationem
1796 2697 2117 2758 derelictus

465 2794 581 2859 est,
614 2802 685 2846 eo
718 2785 985 2866 pervenit
1018 2798 1084 2848 ut
1122 2794 1409 2864 negaret:
1443 2795 1502 2848 et
1542 2786 1658 2848 nisi
1701 2805 1736 2847 a
1788 2787 1912 2848 Deo
1944 2804 2118 2865 parva

465 2873 733 2953 quadam
763 2874 1054 2937 custodita
1087 2874 1338 2936 fuissent
1367 2894 1502 2955 quae
1548 2874 1609 2936 in
1663 2874 1765 2935 illo
1813 2874 2118 2936 recondita

465 2969 635 3024 erant
674 2963 927 3037 semina,
960 2963 1100 3044 quid
1133 2980 1255 3025 non
1304 2982 1511 3044 passus
1557 2961 1792 3025 luisset?
1824 2962 1909 3024 Eo
1955 2962 2115 3022 enim

465 3051 770 3130 spectabat
792 3051 1153 3133 diabolus,ut
1187 3061 1245 3114 et
1274 3053 1468 3133 ipsum
1498 3053 1569 3114 ad
1596 3051 1995 3132 proditionem
2018 3050 2113 3110 in-

465 3118 752 3203 truderet.
766 3142 968 3203 «Escae
989 3118 1149 3203 enim
1174 3118 1630 3222 diab'olo,inqui't
1651 3140 2120 3221 propltetaelec-
2137 3118 2176 3157 (³

467 3231 738 3292 ιω.»1)εο
769 3239 967 3293 autem
993 3232 1070 3291 sit
1088 3232 1404 3311 gratia,qui
1425 3250 1543 3292 non
1562 3230 1930 3309 derelinquit
1950 3248 2090 3290 sanc

450 3324 557 3393 .tos
587 3325 645 3378 et
668 3318 861 3397 justos
893 3326 951 3381 et
980 3318 1170 3381 bonos
1224 3321 1405 3381 corde
1435 3340 1448 3383 :
1484 3319 1679 3400 qualis
1729 3326 1854 3379 erat
1885 3321 2113 3394 Petrus,

464 3405 634 3468 valde
676 3425 903 3488 amans,
958 3415 1019 3469 et
1062 3409 1291 3471 alienus
1320 3428 1354 3469 a
1384 3409 1558 3470 malis
1607 3426 1746 3487 erga
1779 3406 2116 3485 Magistrum

467 3493 929 3574 suspicionibus.

466 3585 682 3659 κείμενα
710 3586 778 3650 ἦν
807 3586 992 3663 ἀγαθὰ,
1017 3586 1066 3641 τί
1098 3586 1192 3642 οὒκ
1222 3584 1284 3642 ἂν
1326 3586 1517 3643 ἔπαθεν
1548 3605 1563 3662 ;

2201 1889 2257 1956 (Ο
2318 1898 2372 1953 δὲ
2435 1900 2642 1974 Κύριος,
2714 1899 2828 1956 ἐπεὶ
2912 1899 3054 1957 εἶδεν
3134 1902 3291 1957 αὐτὸν
3361 1900 3465 1955 ἀπὸ
3527 1896 3855 1973 προπετείας

2196 1988 2553 2067 φθεγγόμενον
2626 1987 2750 2061 (ἔδει
2800 1989 2898 2066 γὰρ
2956 1987 3092 2053 ἅπαξ
3152 1988 3445 2044 ἆκοῦσκντα
3511 1987 3605 2054 τῆς
3679 1989 3853 2043 αδτ⁰⁹

2197 2074 2443 2143 ἀληθείας
2488 2078 2737 2144 εἰπούσης
2786 2081 2949 2157 αῦτῷ,
3002 2076 3081 2134 ὅτι
3140 2078 3571 2154 πειρασθήσεται,
3649 2073 3853 2149 μηκέτι

2196 2164 2521 2240 ἀντιτείνειν,
2584 2166 2855 2245 ἀναφαίνει
2916 2166 3080 2239 αύτῷ,
3139 2168 3226 2222 καὶ
3269 2167 3329 2222 τὸ
3360 2164 3504 2229 εἶδος
3540 2172 3633 2221 τοῦ
3660 2183 3853 2240 πειρα-

2196 2261 2353 2332 σμοῦ,
2410 2252 2491 2310 ὅτι
2546 2254 2763 2334 ἄρνησις
2822 2254 2991 2317 ἔσται,
3082 2256 3347 2312 Ἐντεῦθεν
3404 2253 3459 2310 δὲ
3515 2254 3851 2329 μανθάνομεν

2196 2338 2390 2420 δόγμα,
2438 2341 2518 2399 ὅτι
2551 2348 2645 2401 οὐκ
2695 2344 2849 2421 ἀρκεῖ
2892 2345 3133 2421 πρόθεσις
3194 2345 3467 2422 ἀνθρώπου
3523 2364 3692 2422 χωρις
3755 2339 3854 2405 τῆς

2195 2439 2287 2487 τοῦ
2346 2440 2474 2489 Θεοῦ
2517 2433 2811 2512 ἐπικουρίας
2848 2449 2861 2463 ⁸
2907 2434 3085 2511 ὥσπερ
3155 2435 3245 2489 οὖν
3293 2436 3378 2489 καὶ
3422 2436 3448 2489 6
3504 2433 3696 2508 Πέτρος
3748 2430 3851 2507 ἐγ-

2198 2520 2558 2602 καταλειφθεὶς
2615 2524 2746 2600 πρὸς
2826 2524 3037 2600 μικρὸν,
3125 2524 3167 2577 εἰ
3226 2523 3314 2577 καὶ
3381 2520 3549 2577 ἐδόκει
3606 2521 3847 2597 ἀγαπᾷν,

2199 2610 2500 2687 θερμότητα
2555 2609 2727 2689 ἔχειν,
2800 2602 2918 2667 ἀλλς
2962 2611 3105 2685 ὅμως
3148 2619 3238 2667 τοῦ
3283 2618 3413 2667 Θεοῦ
3452 2610 3694 2688 ἀφέντος,
3739 2610 3845 2664 ὑπ-

2200 2698 2474 2765 εσκελίσθη
2530 2707 2607 2774 τῷ
2649 2699 2847 2779 ἐχθρῷ.
2914 2701 3009 2757 Καὶ
3070 2699 3134 2754 αὖ
3181 2703 3275 2757 οὒκ
3330 2699 3485 2777 ἀρκεῖ
3530 2700 3564 2765 ἡ
3596 2706 3687 2755 τοῦ
3717 2705 3845 2754 Θεοῦ

2200 2786 2490 2866 ἐπικουρία,
2573 2790 2649 2862 μὴ
2706 2792 2791 2846 καὶ
2858 2788 3149 2866 προθέσεως
3232 2788 3558 2867 ἀνθρωπίνης
3629 2786 3789 2852 οὔσης
3825 2805 3840 2823 ’

2200 2876 2376 2952 ὥσπερ
2414 2877 2501 2933 οὖν
2544 2880 2630 2933 καὶ
2691 2876 2882 2940 Ἰούδας
2943 2875 3088 2935 οῦδὲν
3131 2876 3407 2955 ὠφελήθη,
3460 2877 3628 2932 καίτοι
3675 2877 3840 2931 πάντα

2198 2973 2472 3031 ποιοῦντος
2517 2969 2609 3022 τού
2657 2968 2840 3043 Κυρίου
2884 2968 2954 3027 εἰς
2996 2967 3056 3020 τὸ
3087 2964 3335 3044 κερδῆσαι
3394 2962 3552 3023 αὐτόν
3588 2984 3599 2993 ·
3655 2965 3841 3042 προαί-

2202 3076 2340 3132 ρεσις
2400 3055 2497 3131 γὰρ
2551 3055 2693 3120 ἀπῆν
2723 3055 2918 3131 ἀγαθή,
2978 3054 3249 3131 Φρὶξωμεν
3282 3053 3367 3109 οὖν
3401 3052 3702 3114 ἐννοοῦντες
3759 3059 3844 3107 τοῦ

2201 3141 2444 3198 διαϐόλου
2501 3144 2594 3205 τὰς
2641 3140 2947 3210 ἐπιϐουλὰς,
3008 3146 3079 3205 ὡς
3126 3143 3361 3219 ἰσχύουσι
3401 3142 3537 3197 κατά
3578 3149 3686 3197 τῶν
3715 3165 3845 3218 χαυ-

2199 3231 2443 3307 νοτέρων,
2509 3230 2637 3287 ἰδοῦ
2696 3234 2795 3309 γὰρ
2878 3232 3093 3287 ἐνταῦθα
3158 3233 3185 3286 6
3260 3232 3478 3309 Πέτρος,
3531 3232 3702 3287 καίτοι
3749 3233 3848 3286 ὑπὸ

2202 3328 2330 3378 Θεοῦ
2382 3320 2857 3398 συγκρατούμενος,
2920 3318 3066 3393 ὅμως
3126 3319 3255 3376 διότι
3314 3322 3501 3397 μικρὸν
3576 3322 3849 3393 οἰκονομι-

2199 3415 2304 3473 κῶς
2367 3408 2778 3488 ἐγκαταλείφθη,
2841 3409 2912 3472 εἷς
2976 3408 3192 3487 ἄρνησιν
3240 3406 3524 3487 ἀπηνέχθη
3558 3423 3572 3437 ⁹
3608 3410 3651 3462 εἰ
3677 3410 3845 3465 τοίνυν

2199 3498 2277 3571 μὴ
2323 3497 2569 3574 ἐτηρεῖτο
2626 3499 2727 3554 ὑπὸ
2782 3505 2932 3566 Θεοῦ,
2996 3498 3082 3553 καὶ
3123 3498 3400 3575 σπέρματα
3431 3498 3484 3552 ἓν
3518 3499 3655 3571 αὒτῷ
3708 3500 3847 3554 ἀπο·

1600 3578 1657 3643 Ὀ
1688 3587 1787 3665 γάρ
1815 3588 2012 3648 σκοπὸς
2062 3593 2137 3661 τῷ
2165 3584 2395 3657 διαϐόλῳ
2423 3587 2513 3661 ἧν,
2548 3588 2634 3642 καὶ
2676 3594 2854 3642 τοῦτον
2907 3589 2979 3650 εἷς
3010 3584 3286 3665 προδοσίαν
3315 3586 3485 3663 ῥίψαι,
3536 3607 3565 3642 α
3615 3588 3688 3644 Τά
3744 3589 3845 3665 γὰρ

464 3674 724 3751 βρώματα
752 3680 829 3747 τῷ
858 3672 1110 3749 διαϐόλῳ,
1156 3676 1314 3754 φησὶν
1347 3679 1374 3732 6
1405 3678 1708 3756 προφήτης,
1744 3674 1990 3736 ὲκλεκτα,
2030 3699 2056 3729 n
2119 3676 2281 3752 Χάρις
2327 3674 2381 3730 δὲ
2422 3683 2536 3748 Θεῷ
2566 3681 2643 3748 τῷ
2673 3676 2767 3731 οὒκ
2797 3674 3226 3751 ἐγκαταλείποντι
3257 3676 3377 3738 τοὺς
3409 3676 3602 3744 ὁσίους,
3650 3678 3737 3731 καὶ
3770 3673 3855 3730 δι·

465 3763 668 3835 καίους,
714 3762 802 3818 καὶ
831 3762 1057 3840 ἀγαθοὺς
1088 3769 1157 3839 τῇ
1190 3763 1399 3840 καρδίᾳ,
1433 3769 1547 3828 οἶος
1578 3765 1645 3833 ἦν
1674 3767 1700 3820 6
1734 3763 1951 3842 Πέτρος,
2016 3763 2385 3844 φιλόστοργος,
2419 3765 2505 3819 καὶ
2538 3766 2652 3843 περὶ
2712 3766 2800 3820 τὸν
2868 3762 3191 3823 Διδάσκαλον
3236 3765 3411 3830 πάσης
3444 3771 3676 3840 πονηρᾶς
3705 3767 3843 3821 ὑπο-

466 3852 609 3915 νοίας
640 3849 918 3920 ἀλλότριος
931 3898 945 3913 .

543 3936 726 4001 Vxns.
760 3938 976 4003 35-38.
1016 3960 1046 4000 ‹
1078 3940 1151 4002 Et
1198 3940 1347 4004 dixit
1394 3940 1522 4004 eis:
1557 3940 1803 4013 Quando
1855 3940 1987 4002 misi
2019 3957 2127 4001 vos

466 4026 595 4088 sine
624 4027 862 4089 sacculo
882 4037 940 4089 et
967 4046 1109 4109 pera
1139 4038 1197 4091 et
1216 4030 1815 4105 calceamentis,num
1847 4029 1985 4110 quid
2014 4029 2124 4091 de-

466 4115 575 4178 fuit
604 4115 800 4180 vobis?
830 4117 902 4179 At
929 4117 1015 4178 illi
1041 4117 1361 4183 dixerunt:
1396 4118 1579 4182 Nihil.
1630 4119 1787 4182 Dixit
1817 4136 1955 4197 ergo
1990 4118 2076 4178 eis
2108 4138 2122 4176 :

2296 3965 2325 3998 α
2371 3945 2466 4000 Καὶ
2522 3943 2676 3999 εἶπεν
2716 3946 2896 4009 αὐτοῖς
2925 3959 2937 3973 ’
3005 3933 3143 3999 “Ore
3198 3941 3483 3998 ἀπέστειλα
3542 3942 3675 4016 ὑμᾶς
3734 3940 3854 4005 ἔτερ

2209 4030 2509 4107 βαλαντίου,
2563 4033 2652 4087 καὶ
2708 4032 2905 4110 πήρας,
2984 4033 3069 4087 καὶ
3144 4028 3523 4110 ὒποδημλτων,
3579 4032 3655 4103 μή
3713 4052 3856 4095 τινος

2209 4122 2581 4199 ὑστερήσατες
2639 4122 2698 4177 Οἱ
2760 4119 2814 4175 δὲ
2861 4134 3013 4176 εῖπον
3048 4137 3062 4151 ·
3123 4117 3363 4181 Οὐδενός.
3427 4120 3594 4176 Εἶπεν
3624 4126 3713 4177 οὗν
3756 4123 3856 4177 αύ-

467 4203 585 4268 Sed
633 4224 794 4267 nunc
825 4207 925 4287 qui
954 4205 1131 4269 habet
1183 4207 1512 4289 sacculum,
1547 4208 1716 4270 tollat
1766 4206 2043 4268 similiter
2070 4214 2115 4267 e1

2210 4224 2327 4272 τοῖς
2364 4231 2375 4241 ·
2424 4206 2590 4265 Ἀλλά
2638 4216 2725 4265 νῦν
2780 4211 2809 4265 6
2867 4208 3013 4289 ἔχων
3062 4206 3374 4287 βαλάντιον,
3436 4208 3612 4285 ἀράτω
3660 4209 3855 4283 ὁμοίως

467 4311 670 4374 peram
710 4316 722 4354 :
759 4303 817 4357 et
844 4295 1089 4376 quinon
1120 4296 1325 4371 habet,
1358 4296 1573 4358 vendat
1624 4297 1885 4358 tunicam
1933 4311 2115 4367 suam,

2209 4300 2293 4355 καὶ
2336 4300 2509 4377 πήραν
2542 4315 2557 4331 ⁸
2618 4300 2705 4354 καὶ
2764 4299 2790 4354 6
2841 4299 2920 4373 μὴ
2981 4296 3150 4377 ἔχων,
3196 4296 3503 4363 πωλησάτω
3545 4299 3605 4352 τὸ
3649 4298 3859 4372 ἱμάτιον

466 4389 526 4444 et
545 4392 703 4446 emat
729 4384 1165 4464 gladium.Dico
1197 4386 1356 4447 enim
1399 4386 1590 4461 vobis,
1614 4385 1901 4467 quoniam
1931 4383 2115 4445 adhuc

2207 4386 2385 4461 αὐτοῦ,
2442 4388 2530 4443 καὶ
2586 4386 2900 4465 ἀγορασάτω
2959 4388 3253 4466 μάχαιραν,
3331 4386 3484 4463 Λέγω
3535 4387 3635 4463 γὰρ
3700 4388 3852 4463 ὑμῖν,

467 4469 578 4531 hoc
616 4471 774 4550 quod
821 4471 1107 4552 scriptum
1165 4480 1257 4534 est
1304 4482 1541 4554 oportet
1571 4474 1778 4555 perfici
1807 4473 1866 4533 in
1897 4488 2015 4541 me,
2053 4470 2115 4531 El

2210 4475 2289 4531 ὅτι
2334 4475 2410 4532 ἔτι
2482 4486 2635 4535 τοῦτο
2714 4477 2774 4530 τὸ
2844 4474 3210 4553 γεγραμμένον
3282 4473 3362 4529 δει
3427 4472 3733 4540 τελεσθῆναι
3803 4475 3857 4531 ἐν

468 4578 600 4622 cum
632 4560 855 4640 iniquis
882 4561 1194 4642 deputatus
1226 4569 1316 4623 est
1343 4562 1664 4625 90.Etenim
1697 4570 1758 4624 et
1804 4579 1939 4642 quae
1989 4564 2115 4619 sunt

2209 4564 2348 4643 ἐμοὶ,
2408 4566 2493 4639 τὸ,
2560 4565 2654 4620 Καὶ
2712 4565 2846 4638 μετά
2889 4565 3102 4639 ἀνόμων
3160 4563 3402 4639 ἐλογίσθη
3440 4578 3454 4592 ⁵
3518 4563 3606 4619 καὶ
3635 4565 3733 4641 γὰρ
3790 4566 3856 4623 τὰ

465 4648 541 4710 de
573 4667 692 4723 me,
720 4649 900 4709 ﬁnem
946 4649 1189 4712 habent.
1221 4650 1296 4712 At
1339 4651 1429 4713 illi
1475 4650 1761 4713 dixerunt
1795 4667 1808 4712 :
1844 4647 2115 4727 Domine,

2305 4653 2319 4673 η
2484 4660 2506 4670 -
2610 4650 2620 4668 ι
3082 4649 3121 4669 τε.
3453 4652 3465 4667 .
3617 4649 3709 4668 ,με
3771 4654 3831 4670 μ.

2206 4672 2324 4730 περι
2379 4654 2511 4727 ἐμοῦ
2566 4659 2717 4714 τέλος
2766 4651 2909 4731 ἔχει.
2966 4654 3025 4709 Οἱ
3078 4670 3131 4706 οε
3161 4652 3320 4707 εἶπον
3355 4670 3369 4685 ·
3398 4661 3581 4731 νΚυριε,
3620 4669 3725 4706 ιοου
3756 4670 3856 4708 mea

468 4756 615 4800 ecce
639 4737 758 4800 duo
787 4737 968 4817 gladii
998 4739 1118 4802 hic.
1152 4740 1230 4802 At
1275 4740 1375 4802 ille
1406 4739 1554 4801 dixit
1593 4741 1679 4800 eis
1710 4760 1726 4800 :
1762 4737 1915 4801 Satis
1941 4743 2049 4798 est.
2088 4756 2115 4797 ι

2208 4740 2471 4819 μάχαιραι
2502 4738 2614 4797 δύο.
2680 4732 2736 4798 Ὀ
2785 4739 2839 4795 δὲ
2886 4741 3041 4796 εἶπεν
3099 4741 3279 4801 αὐτοῖς
3316 4757 3334 4774 ⁶
3394 4730 3592 4796 Ἱκανόν
3624 4739 3788 4801 ἐστιν.
3827 4765 3851 4799 ι

462 4826 528 4889 In
551 4826 844 4907 principio
860 4827 1101 4907 quidem
1133 4828 1572 4909 pradicationis
1600 4829 1840 4890 mittens
1865 4825 2115 4905 discipu.

2205 4817 2466 4907 Ἠν-ἀρχῇ
2524 4829 2619 4903 μὲν
2674 4836 2765 4885 τοῦ
2807 4830 3175 4908 κηρύγματος,
3232 4826 3466 4884 στέλλων
3516 4829 3637 4891 τοὺς
3671 4834 3853 4903 μαθη-

464 4916 553 4978 los
577 4917 860 4979 Dominus
878 4919 934 4977 in
953 4918 1194 4979 castella
1216 4926 1275 4979 et
1294 4918 1812 4998 civitates,absque
1837 4933 2119 4978 necessa-

464 5004 568 5067 riis
589 5004 1041 5087 dimisit,neque
1063 5006 1227 5068 dedit
1248 5007 1470 5088 quibus
1489 5007 1789 5069 habebant
1812 5024 1984 5086 opus,
2020 5021 2123 5065 ne-

467 5114 583 5177 que
607 5113 811 5157 curam
842 5113 1052 5173 gerere
1072 5096 1325 5161 volebat.
1352 5100 1519 5179 Ipsos
1555 5099 1714 5159 enim
1748 5097 1922 5158 etiam
1943 5094 2007 5156 in
2028 5092 2122 5155 his

462 5182 770 5265 Oportebat
789 5183 1022 5247 discere
1053 5186 1183 5266 ejus
1208 5187 1506 5251 virtutem.
1542 5187 1785 5250 Illorum
1821 5183 1980 5246 enim
2006 5200 2114 5244 cu-

458 5290 585 5333 ram
617 5271 847 5334 habens
867 5281 1144 5354 tanquam
1172 5276 1574 5349 inﬁrmorum,
1599 5272 1849 5336 faciebat
1872 5272 1960 5333 eis
1980 5288 2115 5331 om-

462 5362 561 5423 nia
589 5362 930 5425 necessaria
956 5364 1201 5426 affluere
1222 5364 1461 5427 abunde
1512 5364 1659 5425 citra
1690 5363 1953 5443 ipsorum
2004 5378 2113 5422 cu-

458 5449 783 5515 ram.Nunc
798 5460 996 5514 autem
1019 5454 1313 5515 contraria
1337 5451 1753 5534 praacipit,non
1772 5449 2110 5514 contrarius

537 5608 596 5661 ³ο
623 5607 736 5673 Isa.
769 5626 899 5690 LIII,
932 5610 1035 5674 12.

2202 4916 2296 4979 τάς
2353 4919 2380 4973 6
2446 4917 2630 4994 Κύριος
2663 4916 2747 4973 ἐπὶ
2800 4918 2893 4982 τὰς
2951 4918 3137 4992 κώμας
3167 4920 3255 4972 καὶ
3290 4916 3496 4995 πόλεις,
3544 4916 3854 4994 ἆπερίττους

2203 5003 2516 5077 ἀπέστελλε,
2572 5003 2739 5080 μηδὲν
2823 5005 3178 5083 ἐπαγομένους
3258 5004 3543 5084 χρειώδες,
3631 5006 3857 5081 μηδενὸς

2204 5093 2589 5169 φροντίζοντας,
2651 5091 2815 5149 ’Ἔδει
2888 5096 2987 5171 γάρ
3062 5094 3243 5158 αὐτοὺς
3315 5098 3504 5167 μαθεῖν
3547 5094 3645 5161 τὴν
3699 5100 3858 5155 αὐτοῦ

2200 5177 2417 5255 δύναμιν
2475 5184 2560 5237 καὶ
2618 5182 2671 5238 ἐν
2728 5195 2848 5247 τοῖς
2907 5183 3188 5245 τοιούτοις,
3232 5181 3399 5247 Αὐτὸς
3430 5184 3529 5261 γὰρ
3559 5181 3857 5259 κηδόμενος

2198 5271 2367 5326 αὐτῶν
2411 5270 2485 5334 ὠς
2544 5271 2796 5340 ἀσθενῶν,
2844 5272 3082 5350 ἀφθόνως
3112 5272 3279 5328 ἐποίει
3312 5272 3492 5335 αὐτοῖς
3522 5275 3585 5330 τά
3615 5273 3857 5352 χρειώδη

2197 5356 2427 5435 ἐπιῤῥεῖν
2482 5360 2569 5416 καὶ
2626 5358 3006 5440 ἀφροντίστως.
3069 5367 3171 5417 Νῦν
3223 5357 3278 5414 δὲ
3336 5362 3400 5415 τὰ
3429 5360 3637 5418 ἐναντία
3668 5360 3855 5419 διακε-

2196 5444 2432 5528 λεύεται,
2479 5450 2571 5505 οἰκ
2608 5448 3005 5527 ἐναντιούμενος
3064 5448 3254 5525 ἐαυτῷ,
3313 5448 3450 5507 ἀλλά
3502 5449 3702 5515 δεικνὺς
3751 5453 3858 5508 αύ-
