4140 6280
324 435 475 505 1077

1036 438 1481 505 ENARRATIO
1524 435 1603 500 IN
1647 425 2149 501 EVANGELIUM
2186 427 2419 496 LUCxE.
2467 466 2545 476 —
2588 430 2753 494 CAP.
2801 432 2991 493 XXII.

3533 431 3687 499 1078

312 571 439 633 τοῖς
488 568 569 626 ὅτι
630 569 793 650 μέχρι
836 571 934 645 μὲν
988 577 1074 627 νῦν
1126 570 1198 633 ὠς
1259 566 1439 625 παιδία
1496 564 1823 646 διεϐάστιζε,
1880 566 1951 620 κα

2050 562 2161 623 sibi
2189 564 2436 645 ipsi,sed
2466 564 2787 627 ostendens
2815 563 2901 625 eis
2929 563 3086 643 quod
3115 564 3391 644 usquead
3409 565 3521 628 hoc
3538 575 3686 630 tem-

311 657 522 722 ούδενὸς
582 660 769 723 αὐτοὺς
820 659 985 716 ἐποίει
1041 658 1349 738 φροντίζειν,
1384 658 1489 713 ἀπὸ
1516 656 1609 712 τοῦ
1635 663 1723 711 νῦν
1755 653 1809 710 δὲ
1852 654 1964 733 χρὴ

310 750 404 806 καὶ
458 749 643 812 αὐτοὺς
706 749 773 805 τὰ
827 753 933 804 τῶν
974 746 1175 827 ἀνδρῶν
1220 760 1437 828 φρονεῖν
1483 747 1570 802 καὶ
1626 748 1965 823 προνοεῖσθαι

310 839 541 896 ἑαυτῶν.
572 836 720 916 Ἐγὼ
760 837 884 916 γὰρ,
929 839 1114 915 φησὶν,
1146 839 1174 893 ὁ
1207 836 1382 913 πατὴρ
1438 836 1583 910 ὑμῶν
1614 836 1641 890 ὁ
1669 832 1965 916 κηδόμενος

311 924 417 994 ἤδη
453 914 810 1006 ἀπέρχομαι·
860 914 965 981 ἀπὸ
1012 932 1104 981 τοῦ
1154 924 1241 980 νῦν
1297 923 1570 981 ἐνδύσασθε
1600 923 1730 1001 πρὸς
1773 924 1836 978 τὸ
1878 914 1965 977 καὶ

313 1019 460 1074 αὗτοὶ
502 1017 800 1098 φροντίζειν
837 1016 944 1072 τῶν
987 1016 1216 1088 οἰκείων,
1262 1016 1349 1070 καὶ
1407 1015 1482 1089 μὴ
1538 1014 1712 1070 πάντα
1754 1011 1967 1090 θαῤῥετν

317 1105 459 1180 ἐμοί.
522 1104 650 1163 Οὐδὲ
708 1107 808 1185 γὰρ
862 1112 1078 1161 τοιαῦτα
1132 1105 1260 1177 ὑμῖν
1312 1101 1517 1159 ἔσονται
1560 1102 1621 1157 τὰ
1650 1102 1959 1185 πράγματα,

314 1195 429 1271 ῥᾴω
482 1216 539 1251 τε
590 1195 680 1251 καὶ
738 1183 929 1266 ἀπονα,
992 1190 1127 1249 ἀλλά
1178 1193 1264 1248 καὶ
1314 1191 1491 1267 πείνῃ,
1540 1192 1627 1247 καὶ
1680 1189 1827 1265 δίψῃ,
1877 1183 1963 1243 καὶ

315 1282 704 1359 ἀντικειμένοις
768 1281 992 1346 πολλοῖς
1056 1283 1452 1359 περιπεσεῖσθε.
1518 1281 1691 1336 Ταῦτα
1732 1280 1831 1356 γὰρ
1874 1279 1963 1333 αἰ-

313 1372 541 1430 νίττεται
596 1370 682 1429 διὰ
727 1379 819 1429 1L6
874 1369 1174 1448 βαλαντίου,
1219 1369 1307 1425 καὶ
1352 1369 1448 1435 τῆς
1492 1369 1693 1446 πήρας,
1724 1367 1811 1422 καὶ
1867 1372 1964 1448 τῆς

312 1462 612 1540 μαχαίρας.
676 1462 769 1517 Διὸ
839 1447 1123 1533 ἀνάστητε,
1195 1459 1267 1521 ὡς
1328 1458 1416 1513 καὶ
1455 1457 1819 1529 πεινήσοντες,
1878 1447 1965 1511 καὶ

313 1548 631 1625 δεησόμενοι
701 1548 994 1628 βρωμάτων
1030 1562 1044 1579 ⁸
1117 1548 1145 1603 ὃ
1225 1545 1309 1601 διά
1386 1549 1483 1611 τῆς
1543 1544 1716 1622 πήρας
1788 1544 1952 1600 αἰνίτ-

311 1659 484 1697 τεται.
575 1640 673 1697 Καὶ
782 1634 1111 1716 ἀνδρίζεσθε,
1196 1634 1269 1697 ὠς
1353 1633 1734 1708 ἀντικειμένοις
1816 1630 1954 1688 πολ-

312 1725 437 1790 λοῖς
492 1727 932 1807 περιπεσούμενοι
967 1744 979 1758 ο
1067 1725 1095 1780 ὃ
1138 1722 1223 1779 διὰ
1277 1726 1374 1789 τῆς
1431 1722 1699 1801 μαχαίραις
1758 1720 1955 1807 ἐμφαί-

313 1835 418 1876 νει,
452 1806 625 1873 Ταῦτα
676 1812 731 1869 δὲ
789 1812 956 1890 λέγει,
1015 1813 1116 1891 οὐχ
1162 1810 1256 1866 ’ίνα
1282 1808 1491 1871 πάντως
1522 1808 1789 1887 μαχαίρας
1833 1806 1955 1863 ἐπι-

312 1903 595 1980 σύρωνται,
628 1900 772 1981 ἀλλ’,
817 1903 890 1965 ὣς
947 1899 1105 1979 ἔφην,
1160 1899 1283 1959 τοὺς
1342 1896 1604 1971 πολέμους
1662 1896 1956 1969 αἰνιττόμε-

2048 671 2155 733 pus
2189 662 2460 734 tanquam
2499 654 2767 733 parvulos
2784 653 3242 731 gestarit,etnon
3262 654 3469 716 fecerit
3487 674 3588 717 eos
3607 659 3684 721 de

2047 760 2340 822 quoquam
2372 744 2681 805 sollicitos.
2730 741 2897 803 Nunc
2952 751 3150 804 autem
3206 762 3353 823 opus
3386 753 3474 806 est
3507 747 3591 807 eis
3625 755 3687 809 ut

2048 841 2255 893 curent
2309 850 2379 894 ea
2424 852 2555 912 quae
2608 833 2865 893 virorum
2915 839 3074 912 sunt,
3108 839 3165 893 et
3195 833 3540 912 provideant
3568 835 3685 901 sibi

2047 920 2341 1000 ipsis.Ego
2373 922 2558 995 enim,
2589 921 2801 1001 inquit,
2837 929 3003 1000 pater
3028 928 3240 1002 vester,
3272 924 3450 983 vestri
3481 940 3682 986 curam

2048 1027 2260 1087 gerens
2282 1010 2403 1088 jam
2435 1010 2605 1072 abeo.
2657 1010 2736 1071 Ex
2762 1011 2874 1071 hoc
2902 1016 3169 1089 tempore
3188 1012 3375 1090 parati
3405 1020 3683 1094 estote,et

2044 1097 2159 1179 ipsi
2190 1116 2389 1160 rerum
2419 1099 2787 1179 propriarum
2819 1117 3017 1159 curam
3045 1100 3318 1179 gerite,et
3347 1100 3528 1162 nolite
3548 1121 3682 1163 om—

2048 1207 2181 1249 nem
2206 1206 2407 1249 curam
2434 1189 2495 1248 in
2515 1207 2609 1250 me
2634 1190 2907 1266 rejicere.
2935 1188 3131 1266 Opera
3158 1189 3318 1249 enim
3349 1197 3539 1251 vestra
3565 1209 3684 1252 non

2048 1285 2222 1338 erunt
2243 1285 2357 1337 tam
2379 1277 2914 1353 facilia,etalabore
2943 1278 3267 1339 alienazsed
3300 1278 3537 1340 obnoxii
3570 1282 3683 1342 eri-

2052 1366 2271 1429 tisfami
2285 1375 2341 1428 et
2362 1368 2545 1446 siti,et
2559 1367 2754 1427 multis
2772 1365 3197 1429 adversis.Haac
3211 1369 3365 1429 enim
3382 1368 3686 1431 insinuan-

2047 1464 2139 1516 tur
2162 1473 2267 1533 per
2297 1458 2599 1517 sacculum
2620 1464 2679 1516 et
2704 1473 2904 1533 peram
2942 1474 3008 1515 ac
3028 1455 3583 1532 gladium.Proinde
3606 1477 3683 1521 ne

2039 1542 2167 1604 sitis
2194 1544 2390 1622 ignavi
2419 1562 2431 1605 :
2466 1544 2605 1624 quia
2635 1550 2692 1604 et
2716 1543 2931 1603 famem
2957 1543 3506 1624 experturiestis,et
3531 1565 3681 1625 opus

2040 1632 2331 1693 habebitis
2361 1633 2598 1706 eduliis,
2630 1650 2759 1711 qua
2786 1650 2892 1711 per
2910 1649 3109 1710 peram
3134 1633 3523 1708 signiﬁcat.Et
3551 1635 3684 1696 viri-

2041 1721 2126 1782 les
2155 1721 2295 1781 475
2321 1728 2532 1795 estote,
2567 1720 2704 1799 quia
2754 1721 2814 1779 in
2847 1720 3028 1779 multa
3056 1720 3298 1780 adversa
3349 1721 3620 1783 incidetis
3661 1745 3675 1784 :

2040 1810 2194 1890 quod
2229 1827 2335 1889 per
2358 1808 2616 1888 gladium
2647 1806 3034 1868 indicaLHtec
3064 1820 3261 1869 autem
3292 1808 3583 1883 dicit,non
3617 1819 3679 1872 ut

2041 1899 2281 1959 omnino
2324 1897 2534 1977 gladiis
2564 1899 2679 1957 sint
2720 1896 2991 1976 accincti,
3026 1896 3154 1972 sed,
3193 1905 3253 1957 ut
3284 1897 3687 1977 dixi,signiti-p

312 2015 400 2057 νος
450 1994 538 2049 καὶ
593 1992 714 2055 τοὺς
768 1988 1056 2064 κινδύνους,
1102 1987 1356 2064 καὶπρὸς
1407 1986 1577 2042 πάντα
1619 2005 1950 2058 παρεσκευα-

2037 2005 2176 2049 cans
2200 1986 2354 2048 bella
2383 1994 2441 2048 et
2466 1985 2753 2065 pericula,
2781 1984 3075 2045 etdocens
3104 1993 3166 2045 ut
3190 1986 3263 2047 ad
3294 1987 3491 2047 omnia
3517 2007 3673 2067 pra;-

310 2080 535 2155 σμένους
591 2081 739 2137 εἶναι
799 2078 1196 2155 εἰσηγούμενος,
1244 2066 1368 2132 Ἵνα
1422 2075 1522 2152 γὰρ
1551 2074 1627 2147 μὴ
1670 2072 1951 2147 νομίσωσιν

2038 2076 2223 2157 parati
2252 2076 2394 2138 sint.
2426 2074 2569 2136 Nam
2614 2093 2690 2135 ne
2748 2073 3086 2134 existiment
3132 2075 3489 2153 posteriores
3517 2066 3677 2157 quod

312 2172 358 2226 οἱ
419 2169 734 2248 μετέπειτα,
768 2166 848 2224 ὅτι
892 2165 1039 2223 οὐδὲν
1068 2164 1193 2241 παρ’
1242 2165 1438 2221 ἑαυτῶν
1469 2166 1517 2219 οἱ
1546 2160 1832 2218 ἀπόστολοι
1880 2162 1951 2223 εἷς

2036 2163 2281 2246 apostoli
2316 2183 2385 2225 ex
2424 2182 2488 2225 se
2522 2162 2670 2222 nihil
2700 2163 2772 2223 ad
2806 2161 3081 2222 virtutem
3130 2164 3514 2238 contulerint,
3568 2164 3676 2229 sed

311 2260 414 2326 τὴν
471 2258 663 2336 ἀρετὴν
722 2258 1152 2333 συνεισήνεγκαν,
1197 2253 1335 2311 ἀλλά
1390 2254 1453 2307 τὸ
1509 2259 1611 2308 πᾶν
1675 2261 1766 2310 τοῦ
1824 2258 1951 2308 Θεοῦ

2037 2266 2221 2319 totum
2248 2255 2357 2317 Dei
2386 2254 2562 2315 fuerit
2588 2255 2752 2316 :Non
2785 2253 2897 2313 hoc
2924 2252 3056 2327 crit,
3090 2254 3305 2333 inquit,
3330 2255 3436 2315 sic.
3471 2253 3678 2335 Neque

305 2348 401 2426 ἦν,
475 2347 545 2405 0'3
604 2354 779 2420 10610,
840 2346 1021 2424 φησὶν,
1076 2343 1222 2399 ’έσται
1288 2342 1478 2404 οὕτως,
1542 2337 1671 2399 Οὐδὲ
1727 2340 1827 2418 γὰρ
1884 2340 1956 2402 ὡς

308 2436 547 2515 ἀψύχοις
580 2435 824 2512 ὀργάνοις
873 2433 1130 2510 βούλομαι
1183 2444 1298 2496 τοῖς
1328 2429 1481 2505 ἐμοῖς
1513 2431 1779 2503 μαθηταῖς
1810 2432 1956 2506 χρῆ-

306 2528 453 2597 σθαι,
512 2522 650 2580 ἀλλά
711 2523 897 2580 καὶτὰ
939 2521 1063 2600 παρ’
1107 2523 1303 2577 ἑαυτῶν
1359 2518 1594 2590 ἐπιζητῶ
1649 2516 1956 2596 προσφέρειν

306 2613 519 2677 αύτούς,
579 2610 794 2687 Ἀμέλει
853 2613 940 2668 καὶ
1000 2612 1238 2689 εὑρήσεις
1283 2610 1405 2671 τοὺς
1456 2605 1806 2684 ἀποστόλους,
1871 2601 1957 2660 καὶ

306 2701 540 2777 μάλιστα
600 2700 803 2759 Παῦλον
860 2699 1035 2757 πολλά
1089 2701 1176 2756 καὶ
1233 2697 1284 2764 ἐξ
1340 2698 1588 2754 ἐπινοιῶν
1619 2695 1956 2772 ἀνθρωπίνων

310 2796 665 2869 κατορθοῦντα
730 2789 841 2869 (καὶ
898 2789 1156 2867 ἀνάγνωθι
1213 2789 1306 2849 τὰς
1365 2784 1603 2864 Πράξεις)
1642 2801 1656 2816 ⁸
1703 2782 1844 2849 πλὴν
1903 2782 1955 2869 ἐν

304 2881 522 2943 ταύταις
580 2880 674 2935 οὒκ
731 2878 874 2947 ἀπῆν
905 2880 938 2945 ἡ
969 2884 1062 2934 τοῦ
1091 2884 1222 2933 Θεοῦ
1262 2878 1479 2953 βοήθεια
1512 2894 1525 2908 ·
1589 2874 1701 2947 ἃμα
1750 2870 1803 2926 δὲ
1869 2866 1954 2927 καὶ

304 2968 606 3049 ὠφελοῦντο
661 2972 707 3024 οἱ
758 2965 1046 3025 ἀπόστολοι
1105 2968 1178 3028 είς
1259 2966 1320 3022 τὸ
1378 2963 1571 3042 ἄτυφον
1627 2961 1687 3019 ἐκ
1742 2961 1946 3019 τούτου.

307 3060 367 3117 Εἰ
425 3059 524 3136 γὰρ
582 3059 669 3113 καὶ
712 3058 857 3115 αὒτοὶ
914 3052 1138 3131 μηδενὸς
1174 3053 1552 3133 φροντίζοντες,
1598 3050 1770 3106 πάντα
1812 3050 1952 3127 παρὰ

303 3154 399 3202 106
458 3147 590 3203 Θεοό
646 3145 921 3220 ἀνέμενον,
986 3145 1073 3199 καὶ
1113 3142 1343 3219 ἐγίνοντο
1397 3140 1603 3212 αὐτοῖς,
1676 3138 1950 3216 ἐτυφώθη-

2042 2346 2199 2408 enim
2233 2344 2513 2425 apostolis
2536 2342 2683 2404 meis
2702 2342 2788 2402 uti
2820 2342 2947 2402 volo
2979 2350 3041 2402 ut
3062 2341 3679 2408 instrumentisinani-

2041 2435 2252 2496 matis:
2277 2434 2380 2495 scd
2407 2441 2463 2494 et
2491 2452 2621 2513 quae
2649 2431 2722 2493 ab
2747 2431 2890 2511 ipsis
2914 2441 3049 2492 sunt
3079 2433 3236 2511 ipsos
3279 2433 3494 2495 afferre
3538 2453 3676 2515 pos-

2040 2527 2183 2588 tulo.
2216 2525 2482 2601 Denique
2506 2520 2770 2581 invenies
2791 2519 3110 2599 apostolos,
3146 2528 3208 2581 et
3239 2521 3489 2583 maxime
3524 2526 3676 2585 Pau-

2040 2614 2374 2687 lum,multa
2395 2610 2571 2673 etiam
2591 2628 2658 2669 ex
2676 2609 2946 2669 humanis
2966 2609 3270 2669 industriis
3301 2619 3462 2672 recte
3484 2610 3679 2675 facere

2042 2704 2197 2783 [lege
2231 2698 2692 2779 Acta],quamvis
2723 2706 2780 2759 et
2801 2699 2859 2757 in
2890 2698 2979 2758 his
3000 2718 3115 2758 non
3136 2698 3390 2759 abfuerit
3413 2699 3675 2763 divinum

2038 2789 2631 2853 subsidium.Interea
2656 2798 2855 2848 autem
2888 2788 3248 2866 etapostolis
3268 2788 3498 2849 accedit
3518 2790 3676 2851 utili-

2038 2890 2145 2954 tas,
2180 2898 2255 2940 ne
2292 2880 2440 2939 fastu
2490 2878 2769 2937 inflentur
2800 2894 2869 2936 ex
2920 2876 3054 2937 hoc.
3089 2875 3147 2937 Si
3181 2877 3335 2936 enim
3370 2876 3484 2955 ipsi
3522 2878 3671 2941 nihil

2036 2976 2361 3040 curassent,
2410 2974 2468 3027 et
2514 2985 2547 3026 a
2608 2967 2727 3027 Deo
2770 2964 2969 3023 omnia
3022 2972 3455 3041 expectassent,
3490 2974 3671 3047 atque

2034 3057 2178 3137 ipsis
2211 3054 2763 3134 evenissent,inllati
2797 3053 3067 3125 fuissent,
3094 3053 3264 3132 quasi
3294 3054 3481 3131 majus
3504 3056 3671 3133 quid-

2034 3147 2168 3207 dam
2200 3162 2381 3224 super
2419 3144 2571 3203 vires
2624 3144 2910 3203 humanas
2940 3143 3151 3204 sortiti.
3178 3141 3249 3201 Et
3277 3141 3538 3222 alioquin
3563 3164 3670 3205 na-

305 3256 407 3291 σαν
459 3234 539 3315 ἂν,
625 3235 697 3297 ὡς
770 3233 980 3307 μείζονα
1059 3231 1095 3299 ἢ
1188 3230 1323 3285 κατά
1404 3230 1731 3305 ἀνθρωπίνην
1800 3227 1949 3305 φύσιν

2038 3245 2181 3296 turae
2205 3233 2610 3311 essetignavia
2631 3241 2689 3293 et
2717 3231 3039 3309 corruptio,
3075 3232 3221 3293 nihil
3262 3250 3297 3292 a
3329 3249 3392 3291 se
3434 3235 3667 3311 excogi-

306 3311 595 3403 λαχόντες,
656 3323 753 3380 Καὶ
804 3320 977 3381 ἄλλως
1027 3318 1106 3399 δὲ,
1156 3318 1307 3396 ἀγρία
1336 3317 1538 3396 φύσεως
1568 3318 1655 3370 και
1678 3311 1946 3392 διαφθορὰ,

302 3400 589 3485 τοήμηδέν
648 3407 736 3490 ἀφ’
826 3409 1024 3467 ἑαυτῶν
1111 3406 1458 3483 ἐπινοεῖσθαι,
1547 3400 1682 3460 ἀλλὰ
1752 3401 1949 3469 πάντα,

303 3502 458 3556 τοῦτο
501 3498 566 3565 δὴ
609 3488 807 3554 τὸτοῦ
850 3494 1031 3574 λόγου,
1089 3492 1426 3568 ἀληλεσμένα
1481 3488 1794 3569 προσδοκᾷν.
1855 3489 1951 3543 Διά

302 3590 455 3645 τοῦτό
502 3609 663 3667 φησιν
720 3586 926 3664 αὺτοῖς,
996 3583 1079 3639 ὅτι
1149 3583 1281 3638 Ἀπὸ
1338 3588 1429 3637 τοῦ
1483 3590 1570 3639 νῦν
1628 3580 1715 3635 καὶ
1773 3579 1947 3656 πήρας

300 3677 609 3755 βαστάζετε,
668 3673 958 3743 τουτέστιν,
1040 3672 1190 3730 Οῗτω
1274 3669 1555 3743 διάκεισθε,
1615 3670 1701 3724 καὶ
1786 3690 1947 3747 φρονι-

302 3770 490 3838 τίζετε,
552 3767 625 3829 ὡς
678 3765 1022 3833 πεινήσοντες
1053 3778 1068 3793 ·
1129 3762 1215 3816 καὶ
1296 3761 1563 3838 μαχαίρας
1630 3758 1943 3835 ἀγοράσατε,

303 3856 433 3933 ὅπερ
487 3854 650 3926 ἐστὶν,
715 3853 865 3911 Οὕτω
921 3852 1232 3927 προνοεῖσθε
1290 3850 1511 3920 ἑαυτῶν,
1571 3849 1644 3910 ὡς
1695 3845 1947 3910 κινδύνοις

301 3946 392 4002 καὶ
434 3941 689 4018 πολέμοις
750 3941 1218 4019 προσκρούσοντες,
1272 3939 1370 3996 Καὶ
1430 3936 1601 4000 ἄλλως
1651 3934 1704 3991 δὲ
1762 3934 1946 4000 ἐξελά-

302 4033 461 4091 ϐοντό
504 4053 644 4096 τινες
684 4032 745 4087 τὸ
814 4029 1071 4108 ἀγοράσαι
1129 4028 1424 4107 μάχαιραν.
1484 4026 1769 4082 Αἶνίττεται
1824 4026 1945 4103 γὰρ,

302 4123 450 4204 φασὶ,
510 4122 608 4187 τὴν
667 4117 850 4197 ἔφοδον
900 4119 998 4185 τὴν
1031 4118 1149 4174 κατ’
1199 4118 1354 4173 αὐτοῦ
1404 4115 1526 4172 ὅσον
1557 4114 1702 4172 οὔπω
1730 4135 1949 4192 γενησο-

302 4202 490 4287 μένην,
544 4211 633 4265 καὶ
688 4209 769 4265 ὅτι
848 4206 1131 4283 μέλλουσιν
1202 4206 1357 4262 αὑτὸν
1425 4202 1806 4279 συλλαμϐάνειν
1858 4226 1947 4280 φοι

301 4313 414 4363 νεῖς
475 4298 759 4377 ἄνθρωποι.
848 4295 995 4355 Ἐπεί
1078 4296 1178 4375 γάρ
1251 4294 1447 4350 ἐκεῖνοι
1504 4294 1624 4371 περὶ
1694 4293 1947 4370 προτείων

304 4387 533 4467 ἔφθησαν
593 4389 725 4466 πρὸς
804 4384 1070 4454 ἀλλήλους
1143 4382 1628 4464 φιλονεικήσαντες,
1689 4382 1795 4438 Οὔκ
1837 4380 1945 4436 ἔστι

2038 3324 2297 3405 tare,sed
2333 3323 2551 3403 omnia,
2584 3332 2647 3384 ut
2685 3322 2803 3383 dici
2852 3322 3021 3397 solet,
3072 3323 3270 3383 molita
3300 3330 3666 3404 exspectare.

2034 3420 2356 3495 Propterea
2387 3412 2528 3474 dicit
2560 3412 2645 3474 eis
2679 3434 2691 3469 :
2726 3412 2804 3473 Ex
2838 3414 2949 3473 hoc
2983 3422 3248 3493 tempore
3275 3422 3334 3475 et
3363 3434 3533 3496 peras
3559 3437 3667 3496 ge-

2032 3515 2203 3579 state,
2230 3506 2342 3565 hoc
2370 3510 2479 3573 est,
2513 3502 2598 3563 sic
2624 3502 2815 3564 affecti
2846 3509 3059 3575 estote,
3099 3511 3157 3563 et
3200 3522 3398 3565 curam
3427 3506 3667 3591 habete,

2032 3604 2095 3657 ut
2124 3594 2378 3657 esuriem
2430 3592 2690 3653 habituri
2723 3592 2793 3653 Et
2830 3591 3085 3670 gladium
3118 3594 3319 3669 emite,
3354 3595 3510 3674 quod
3554 3606 3667 3675 est,

2031 3688 2116 3747 sic
2148 3683 2455 3765 providete
2488 3681 2654 3743 vobis
2682 3680 2848 3761 ipsis,
2886 3690 3160 3762 tanquam
3195 3683 3255 3743 hi
3294 3684 3391 3764 qui
3423 3684 3483 3745 in
3516 3683 3673 3750 bella

2032 3782 2091 3837 et
2120 3774 2319 3854 prazlia
2349 3772 2529 3833 multa
2551 3770 2915 3832 incident.Et
2935 3771 3105 3832 aliter
3125 3779 3671 3857 exposueruntqui-

2032 3863 2164 3947 dam
2214 3862 2416 3925 Emite
2455 3861 2752 3947 gladium:
2789 3859 3087 3947 Significat
3132 3861 3664 3947 enim,__inquiunt,

2033 3944 2195 4005 brevi
2215 3952 2403 4004 tantas
2423 3942 2703 4002 adversus
2726 3940 2915 4019 ipsum
2944 3941 3169 4000 futuras
3188 3940 3670 4023 insidias,'quales

2032 4051 2330 4111 nunquam
2363 4032 2623 4105 fuerunt,
2658 4037 2714 4088 et
2745 4033 2903 4106 quod
2934 4029 3192 4091 invasuri
3212 4031 3538 4112 sintipsum
3562 4034 3670 4097 viri

2030 4118 2561 4199 sanguinarii.Nam
2594 4119 2729 4198 quia
2759 4118 2843 4177 illi
2877 4120 3038 4196 prius
3068 4119 3223 4181 inter
3241 4138 3305 4181 se
3322 4123 3395 4183 de
3414 4122 3669 4200 primatu

2029 4209 2616 4272 contenderant.Non
2662 4215 2768 4277 est,
2804 4207 3013 4286 inquit,
3046 4216 3276 4287 tempus
3306 4209 3665 4291 ambitionis,

2032 4299 2137 4361 sed
2172 4296 2565 4378 periculorum
2589 4302 2647 4355 et
2671 4294 2937 4357 caedium.
2972 4295 3115 4356 Nam
3149 4305 3207 4357 et
3238 4316 3343 4375 ego
3392 4299 3672 4377 magister

2030 4395 2222 4449 vester
2251 4387 2321 4447 ad
2357 4392 2605 4445 mortem
2656 4383 2938 4453 abducor,
2987 4403 3182 4463 neque
3228 4386 3298 4446 ad
3349 4386 3665 4464 gloriosam

302 4478 508 4555 καιρὸς,
566 4478 716 4554 φησὶ,
778 4474 1181 4554 φιλοπρωτείας,
1229 4470 1365 4527 ἀλλὰ
1412 4471 1659 4527 κινδύνων
1688 4472 1773 4526 καὶ
1804 4492 1945 4548 σφα-

2035 4473 2733 4537 mortem.Verumtamen
2766 4472 3105 4550 implebitur
3132 4476 3186 4534 in
3221 4492 3335 4548 me,
3352 4473 3525 4537 (Cum
3545 4477 3667 4539 ini-

304 4573 434 4645 γῶν.
491 4566 586 4623 Καὶ
647 4566 745 4642 γὰρ
806 4564 913 4641 ἐγὼ
951 4565 977 4618 ὁ
1035 4560 1345 4623 διδάσκαλος
1400 4561 1546 4634 ὑμῶν
1604 4562 1673 4622 εἱς
1723 4559 1943 4615 θάνατον

302 4654 606 4729 ἀπάγομαι,
638 4654 726 4715 καὶ
755 4651 869 4708 οὐδὲ
902 4650 1112 4725 ἔντιμον
1169 4651 1388 4706 θάνατον
1417 4666 1430 4679 ⁶
1476 4647 1613 4703 ἀ)λά
1656 4649 1742 4703 καὶ
1790 4650 1942 4703 τοῦτο

306 4740 712 4818 πληρωθήσεται
770 4738 852 4795 ἐπ’
910 4739 1050 4817 ἐμοὶ,
1085 4740 1167 4818 τὸ,
1207 4759 1231 4794 ι
1267 4738 1370 4800 Καὶ
1414 4737 1547 4811 μετά
1576 4736 1786 4811 ἀνόμων
1818 4734 1942 4793 ἐλο-

302 4831 475 4907 γίσθη.
532 4853 559 4883 n
625 4829 733 4895 Τὴν
791 4826 970 4908 ἔφοδον
1017 4835 1105 4884 οὖν
1158 4828 1256 4893 τὴν
1309 4826 1594 4905 λῃστρικὴν
1632 4826 1939 4881 αἰνίττεσθαι

301 4916 643 4993 βουλόμενος,
711 4915 949 4991 ἐμνήσθη
1037 4917 1305 4995 μαχαίρας
1342 4932 1355 4945 ⁸
1431 4916 1519 4970 καὶ
1576 4915 1692 4970 οὔτε
1762 4912 1939 4970 τέλεον

300 5003 662 5084 ἀπεκάλυψεν,
707 5005 800 5061 ’ίνα
852 5005 929 5080 μὴ
985 5002 1150 5077 δειλίᾳ
1208 5006 1307 5061 τινὶ
1378 5006 1713 5083 ταραχθῶσιν
1749 5019 1761 5032 ·
1824 5002 1941 5059 οὔτε

300 5093 476 5151 τέλεον
538 5093 937 5174 ἀπεσιώπησεν,
988 5093 1082 5150 ’ίνα
1127 5094 1202 5169 μὴ
1258 5101 1326 5170 τῇ
1384 5094 1543 5172 ἀθρόᾳ
1594 5092 1762 5172 ἐφόδῳ
1810 5114 1941 5171 συγ-

298 5187 501 5265 χυθῶσι
532 5206 544 5217 ·
609 5182 811 5257 μᾶλλον
870 5181 923 5238 δὲ
980 5183 1073 5239 ἵνα
1130 5183 1263 5259 μετά
1318 5190 1481 5239 ταῦτα
1532 5182 1940 5257 ἀναμιμνησκό-

301 5294 469 5350 μενοι,
542 5271 875 5346 θαυμάζωσιν
975 5274 1130 5330 αὒτὸν
1201 5274 1273 5336 ὼς
1348 5272 1801 5349 προγινώσκοντα,
1857 5273 1944 5327 καὶ

300 5358 729 5432 ἐκπλήττωθται,
800 5365 915 5425 πῶς
964 5358 1148 5415 ἑαυτὸν
1203 5357 1420 5424 ἒξεδίδου
1475 5361 1603 5437 πρὸς
1663 5360 1723 5414 τὸ
1780 5357 1943 5422 πάθος

297 5450 425 5525 ὑπὲρ
484 5448 746 5527 σωτηρίας
817 5455 923 5504 τῶν
979 5448 1289 5527 ἀνθρώπων,
1363 5448 1450 5504 καὶ
1518 5445 1601 5502 διὰ
1663 5455 1816 5504 τοῦτο
1857 5449 1943 5503 καὶ

300 5539 444 5595 αὖτοὶ
500 5535 666 5612 μηδὲν
740 5544 848 5593 τῶν
902 5535 1162 5614 ἀλγεινῶν
1236 5538 1599 5617 ὑποφεύγωσιν
1656 5536 1784 5612 ὑπὲρ
1854 5545 1945 5594 106

296 5625 462 5682 σῶσαί
513 5647 684 5689 τινας.
730 5628 905 5683 Ταῦτα
954 5627 1078 5705 γὰρ,
1142 5626 1325 5706 οἶμαι,
1398 5627 1465 5682 τὰ
1523 5622 1892 5704 αἰνιγματώδη
1927 5648 1946 5663 ο

294 5715 378 5772 διὰ
436 5736 587 5774 τουτο
639 5714 843 5795 ἔλεγεν,
892 5714 985 5771 ’ἕνα
1015 5716 1149 5791 μετά
1208 5722 1374 5773 ταῦτα
1416 5713 1947 5792 ἀναμιμνησκόμενοι

2027 4565 2160 4645 quis
2189 4563 2498 4642 deputatus
2529 4568 2637 4621 est.
2676 4560 2963 4621 nlnsidias
2994 4561 3171 4641 igitur
3197 4564 3667 4631 latrocinatorias

2026 4652 2482 4731 significaturus,
2510 4649 2779 4710 meminit
2808 4649 2986 4727 gladii
3012 4672 3026 4712 :
3057 4670 3248 4733 neque
3290 4653 3532 4715 omnino
3560 4673 3665 4718 re-

2024 4742 2251 4813 velavit,
2308 4750 2369 4801 ut
2415 4758 2489 4800 ne
2542 4746 2703 4800 metu
2756 4739 3008 4819 quodam
3052 4746 3434 4805 terreantur:
3472 4762 3667 4826 neque

2025 4832 2265 4894 omnino
2298 4829 2480 4903 siluit,
2503 4835 2660 4892 utne
2691 4829 3020 4907 repentinis
3050 4830 3282 4892 insidiis
3301 4832 3666 4896 confundan-

2025 4930 2117 4981 tur
2144 4939 2156 4983 :
2188 4921 2303 4980 imo
2331 4928 2391 4980 ut
2414 4929 2542 4997 post
2575 4917 2700 4978 haec
2730 4919 3115 4980 recordantes
3134 4920 3505 4983 admirentur
3526 4940 3662 4987 eum

2023 5012 2297 5080 tanquam
2329 4999 2825 5081 praescientem,et
2854 5006 3159 5078 tupescant
3185 5003 3480 5081 quomodo
3496 5002 3663 5084 seip-

2026 5110 2153 5154 sum
2184 5108 2290 5168 pro
2317 5091 2504 5150 salute
2534 5087 2840 5148 hominum
2867 5087 2940 5148 ad
2963 5100 3217 5150 mortem
3250 5091 3579 5167 tradiderit,
3602 5100 3664 5154 et

2029 5187 2339 5261 propterea
2365 5177 2539 5239 etiam
2572 5176 2684 5256 ipsi
2717 5175 2865 5236 nihil
2894 5177 3207 5240 molestum
3238 5179 3664 5259 subterfugiant

2027 5280 2087 5331 ut
2126 5269 2422 5330 salvantur
2471 5266 2677 5346 aliqui.
2712 5262 2849 5327 Haec
2876 5266 3033 5326 enim
3060 5267 3270 5346 opinor
3299 5269 3667 5349 aenigmatice

2028 5366 2337 5439 propterea
2367 5356 2624 5431 dicebat,
2657 5364 2719 5415 ut
2749 5362 2950 5434 postea
2979 5356 3361 5421 recordantes
3393 5367 3453 5421 et
3485 5360 3668 5423 intel-

2026 5449 2298 5527 ligentes,
2332 5445 2643 5507 utilitatem
2675 5452 2959 5523 caperent
2992 5463 3005 5508 :
3040 5445 3318 5525 quoniam
3355 5462 3492 5510 tunc
3515 5449 3666 5513 adeo

2023 5534 2374 5615 insipientes
2403 5541 2593 5609 erant,
2628 5541 2689 5593 ut
2718 5533 3020 5597 dicerent:
3050 5534 3359 5618 «Domine,
3397 5555 3540 5600 ecce
3568 5538 3669 5603 hic

2028 5625 2203 5705 gladii
2234 5624 2496 5687 duo.»At
2516 5625 2640 5704 ipse
2670 5623 2810 5703 quia
2838 5621 2981 5685 vidit
3005 5642 3107 5688 eos
3129 5642 3248 5686 non
3275 5624 3664 5706 intellexisse,

2029 5714 2257 5797 inquit:
2300 5738 2325 5770 ι
2351 5712 2503 5777 Satis
2534 5721 2646 5791 est;
2683 5735 2710 5769 ω
2766 5713 2999 5777 tametsi
3050 5732 3422 5799 nequaquam
3476 5714 3666 5781 ευσε-
