4126 6282
497 401 649 468 ιο79

490 623 578 687 uti
599 622 1188 705 oportuisset,neque
1216 632 1456 687 centum
1483 623 1658 703 gladii
1685 621 2150 685 suﬁ‘ecissent.Si

490 720 687 776 autem
722 712 835 774 hoc
867 712 1129 785 nolebat,
1164 712 1269 775 sed
1326 712 1618 775 diviniore
1676 712 1944 774 subsidio
2003 728 2151 791 opus

494 809 624 865 erat
647 802 931 882 superﬂui
967 809 1142 864 erant
1164 808 1223 863 et
1243 801 1359 863 duo
1388 821 1402 863 :
1429 810 1838 864 verumtamen
1864 800 2151 863 Dominus

498 890 690 955 noluit
720 907 827 953 eos
848 909 1121 969 arguere,
1160 898 1367 970 utpote
1396 890 1544 952 nihil
1594 890 2015 968 intelligentes;
2044 888 2146 951 sed

492 979 643 1043 dixit
674 1001 695 1043 :7
722 1004 748 1035 ε
776 979 939 1043 Satis
967 988 1080 1042 est.
1108 1002 1137 1035 ι
1166 997 1235 1041 ac
1261 980 1577 1059 processit.
1615 980 1713 1041 Sic
1743 979 1923 1057 igitur
1972 978 2147 1040 etiam

496 1086 604 1130 nos
635 1068 874 1149 quando
904 1087 1038 1131 cum
1090 1068 1345 1148 quodam
1402 1076 1828 1130 conversantes
1880 1068 2149 1128 videmus

495 1175 633 1219 eum
657 1158 799 1220 474
833 1176 949 1220 non
981 1157 1347 1220 intellexisse
1367 1157 1523 1238 quod
1555 1157 1836 1235 diximus,
1863 1155 2147 1217 dicimus.

494 1249 680 1327 Bene,
706 1246 937 1309 dimitte
972 1263 986 1305 :
1017 1245 1283 1327 quamvis
1343 1264 1459 1306 non
1512 1245 1591 1305 sit
1642 1245 1889 1306 bonum.
1924 1244 2040 1307 Sed
2077 1263 2150 1306 ne

495 1334 939 1410 conturbamus,
972 1333 1357 1396 remittimus.
1388 1332 1554 1394 Facit
1582 1341 1777 1394 autem
1810 1332 1923 1394 hoc
1950 1330 2147 1397 Domi-

495 1423 870 1504 nus,quando
888 1423 1051 1487 videt
1069 1422 1397 1503 discipulos
1416 1422 1881 1500 nonintelligere
1895 1421 2147 1483 dictum:

496 1512 727 1587 transit,
770 1517 832 1575 et
858 1512 1341 1574 eventumrerum
1390 1510 1676 1591 permittit
1723 1510 2023 1591 explicare
2054 1509 2150 1570 di-

495 1608 731 1663 ctorum
760 1600 1234 1680 intelligentiam,
1269 1599 1422 1661 sicut
1442 1607 1500 1661 et
1529 1599 1766 1679 quando
1798 1598 2149 1661 dixit-Sol-

492 1689 608 1752 vite
634 1689 920 1768 templum
959 1690 1072 1751 hoc
1100 1687 1177 1748 3i.
1215 1714 1241 1744 ι
1279 1689 1425 1751 Nam
1495 1698 1697 1768 postea
1746 1699 2152 1767 cognoverunt

1458 401 2051 465 THEOPHYLACTI
2097 401 2505 468 BULGARIA‘I
2548 407 2912 470 AMHIEP.

494 534 723 599 cissent
755 553 769 595 :
805 534 858 596 si
879 534 1139 596 humano
1168 534 1386 597 auxilio
1411 542 1619 597 contra
1647 533 1983 596 homicidas
2008 533 2139 594 illos

2224 538 2307 593 καὶ
2364 537 2626 601 συνιέντες
2713 537 3023 619 ὠφελῶνται
3055 555 3070 569 ⁸

3756 406 3913 487 ῒοθο

3160 540 3360 598 ἐπεέτοι
3420 562 3481 618 γε
3543 542 3666 599 τότε
3725 542 3905 603 οὕτως

2230 625 2471 694 ἀνοήτως
2523 625 2799 706 διέκειντο,
2857 628 2993 684 ὥστε
3054 631 3224 686 εἰπεῖν
3260 646 3273 659 ’
3330 653 3353 685 ε
3406 629 3586 710 Κύριε,
3644 630 3754 688 ἰδοὺ
3788 630 3899 688 ὦδε

2232 714 2495 794 μάχαιραι
2555 714 2667 778 δύο,
2707 739 2734 771 ι
2801 707 2859 774 ’0
2917 714 2973 773 δὲ
3041 718 3159 774 ἐπεὶ
3214 716 3360 774 εἶδεν
3416 707 3603 784 αὖτοὺς
3654 721 3732 794 μὴ
3764 742 3898 777 συν-

2232 802 2459 878 ηκότας,
2519 806 2677 881 φησίν
2711 824 2728 840 ο
2768 828 2795 859 ε
2863 797 3061 863 Ἱκανόν
3120 808 3261 865 ἔστι.
3314 831 3343 862 ι
3400 808 3586 865 Καίτοι
3617 830 3679 886 γε
3710 813 3810 867 οἶικ
3844 811 3906 876 ἦν

2232 893 2433 951 ἱκανόν.
2500 896 2556 951 Εἰ
2601 894 2698 969 μὲν
2741 894 2841 970 γὰρ
2888 894 3188 973 ἀνθρωπίνῃ
3247 898 3465 973 βοηθείᾳ
3532 895 3634 953 ἔδει
3679 905 3899 978 κεχρῆ-

2232 984 2348 1037 σθαι
2405 983 2541 1039 κατὰ
2623 990 2728 1039 τῶν
2783 982 3087 1060 λῃστρικῶς
3179 986 3459 1059 ἐπιόντων,
3520 985 3635 1046 οὐδὲ
3707 988 3899 1045 ἑκατὸν

2233 1069 2499 1147 μάχαιραι
2543 1072 2717 1127 ἱκαναῖ
2759 1071 2893 1139 ἦσαν
2932 1091 2946 1106 ·
3001 1075 3045 1127 εἰ
3095 1070 3259 1147 δὲμὴ
3312 1082 3489 1148 τοῦτο,
3556 1074 3695 1130 ἄλλα
3752 1080 3896 1132 θειο-

2232 1156 2385 1234 τέρας
2448 1157 2549 1213 ἔδει
2621 1161 2943 1238 συνεργείας,
3012 1163 3250 1238 περιτταὶ
3306 1165 3394 1218 καὶ
3454 1167 3504 1218 αἱ
3563 1162 3675 1219 δύο.
3741 1163 3894 1221 Ἀλλ’

2234 1243 2381 1319 ὅμως
2441 1249 2468 1302 ὁ
2532 1248 2717 1325 Κύριος
2775 1248 2869 1304 οὒκ
2926 1248 3185 1316 ἠθέλησεν
3258 1250 3465 1327 ἐλέγξαι
3530 1253 3745 1327 αὐτοὺς,
3821 1256 3892 1314 ὥς

2234 1336 2311 1409 μὴ
2356 1336 2668 1408 νοήσαντας,
2717 1336 2836 1392 ἀλλ’
2882 1338 3065 1411 εἰπὼν,
3117 1362 3144 1392 α
3196 1329 3396 1395 Ἱκανόν
3452 1339 3590 1419 ἐστι,
3649 1363 3675 1393 ι
3745 1364 3886 1419 παρ-

2236 1420 2456 1500 έδραμεν
2488 1439 2501 1453 ⁸
2558 1424 2734 1503 ὥσπερ
2792 1435 2878 1484 οὖν
2934 1427 3021 1481 καὶ
3078 1429 3269 1505 ἡμεῖς,
3328 1425 3539 1483 ἐπειδὰν
3593 1428 3725 1504 πρός
3768 1451 3887 1485 τινα

2236 1510 2543 1585 ὁμιλοῦντες
2600 1511 2802 1588 ἴδωμεν
2883 1514 3036 1572 αὐτὸν
3117 1515 3195 1589 μὴ
3255 1516 3492 1571 στνιέντα
3551 1518 3578 1571 ὃ
3636 1517 3887 1591 εἴπομεν,

2232 1598 2483 1679 λέγομεν,
2544 1600 2738 1671 Καλὸν,
2805 1600 2954 1681 ἔφες,
3003 1604 3172 1660 καίτοι
3238 1626 3296 1681 γε
3342 1606 3436 1660 οὐκ
3491 1603 3605 1660 ἔστι
3668 1604 3837 1662 καλόν
3871 1627 3885 1641 '

2232 1687 2349 1745 ἀλλ’
2397 1698 2483 1748 οὖν
2526 1688 2617 1746 ἴνα
2667 1692 2746 1765 μη
2804 1690 3138 1771 ἐνοχλῶμεν,
3191 1691 3431 1771 ἀφίεμεν,
3470 1700 3624 1750 ﬂeta!
3648 1692 3701 1749 δὲ
3731 1701 3887 1751 τοῦτο

493 1778 607 1849 hoc
637 1778 914 1859 discipuli
944 1779 1076 1858 ejus
1096 1788 1227 1858 post
1242 1776 2027 1850 resurrectionem.Quidam
2050 1794 2141 1838 au-

2231 1779 2258 1831 ὁ
2292 1777 2501 1854 Κύριος,
2548 1775 2758 1835 ἐπειδὰν
2801 1777 2892 1854 ἴδῃ
2948 1780 3068 1843 τοὺς
3129 1782 3393 1855 μαθητὰς,
3450 1783 3525 1855 μὴ
3587 1783 3885 1851 νοήσαντας

495 1873 614 1929 tem
647 1886 756 1948 per
784 1867 1039 1929 ironiam
1072 1867 1343 1929 dixerunt
1367 1866 1593 1929 dictum
1618 1884 1654 1928 a
1684 1865 1941 1939 Christo,
1972 1886 1996 1921 ε
2032 1864 2127 1927 Sa-

2228 1867 2288 1921 τὸ
2345 1864 2559 1944 λεχθέν,
2646 1867 2980 1946 Παρατρέχει
3038 1868 3137 1947 γὰρ
3222 1869 3309 1925 καὶ
3383 1868 3593 1949 ἀφίησι,
3653 1876 3723 1945 τῇ
3777 1877 3883 1926 τῶν

494 1955 571 2018 tis
599 1964 710 2019 est.
747 1982 777 2014 ι
803 1955 949 2019 Nam
979 1976 1115 2019 cum
1146 1956 1433 2018 dixissent
1461 1954 1762 2036 discipuli,
1796 1976 1823 2012 ‹
1846 1953 2002 2016 Ecce
2023 1954 2141 2015 duo

2227 1955 2551 2032 πραγμάτων
2620 1953 2829 2011 ἐκϐάσει
2908 1956 3005 2022 τὴν
3058 1958 3380 2024 κατανόησιν
3438 1964 3543 2014 τῶν
3621 1959 3885 2035 ῥηθέντων

493 2043 676 2123 gladii
705 2044 825 2122 hic,
868 2071 890 2102 ο
928 2044 1215 2107 Dominus
1261 2045 1517 2125 ironice,
1556 2043 1741 2118 aiunt,
1770 2042 1918 2105 dixit
1948 2060 1963 2106 :
1998 2042 2141 2115 Quia

2226 2043 2519 2122 ἐπιτρέπων
2552 2060 2566 2073 ·
2629 2044 2807 2122 ὥσπερ
2861 2046 2948 2100 καὶ
3006 2044 3129 2101 ὅταν
3190 2046 3316 2101 εἶπε
3354 2064 3365 2078 ’
3449 2070 3474 2100 ιι
3542 2049 3744 2103 Λύσατε
3791 2050 3884 2104 τὸν

491 2132 609 2196 duo
641 2144 798 2207 sunt,
823 2135 1069 2198 omnino
1100 2135 1269 2198 multi
1317 2143 1476 2208 sunt,
1510 2141 1571 2196 et
1618 2133 1924 2195 sufﬁciunt
1971 2131 2141 2193 nobis

2226 2133 2353 2188 ναὸν
2408 2139 2590 2189 τοῦτον
2624 2149 2638 2162 ·
2679 2155 2704 2188 ι
2765 2132 2980 2210 ὕστερον
3029 2134 3128 2209 γὰρ
3184 2131 3421 2211 ἔγνωσαν
3464 2142 3621 2192 τούτο
3663 2138 3712 2191 οἱ
3770 2158 3880 2210 μα’

494 2231 703 2286 contra
728 2224 1167 2287 multitudinem
1199 2241 1333 2304 quae
1361 2222 1522 2284 venit
1546 2240 1730 2304 super
1752 2240 1883 2283 nos.

2224 2223 2378 2286 θηταὶ
2438 2219 2597 2278 αὐτοῦ
2655 2221 2791 2295 μετὰ
2818 2220 2918 2286 τὴν
2976 2221 3283 2281 ἀνάστασιν.
3331 2221 3478 2283 Τινὲς
3524 2221 3579 2278 δὲ
3632 2224 3753 2281 κατ’
3798 2226 3877 2280 εἰ-

499 2314 717 2389 ρωνείαν
750 2312 946 2393 ἔφασαν
976 2316 1150 2369 εἰπεῖν
1181 2300 1273 2370 τθν
1306 2313 1491 2384 Κύριον
1520 2313 1605 2390 τὸ,
1626 2300 1672 2365 ⁷ε
1710 2300 1910 2367 Ἰκανόν
1942 2310 2104 2372 ἐστιν,
2140 2335 2165 2363 ι
2192 2309 2458 2366 Εἶπόντων
2486 2310 2585 2386 γὰρ
2613 2315 2720 2363 τῶν
2750 2312 3023 2381 μαθητῶν,
3067 2333 3093 2362 ι
3128 2308 3260 2366 Ἰδού
3289 2309 3390 2366 ὧδε
3415 2310 3679 2390 μάχαιραι
3704 2310 3817 2384 δύο,
3851 2336 3870 2367 ο

499 2403 529 2458 δ
562 2400 749 2479 Κύριος
780 2404 1086 2480 εἰρωνικῶς,
1121 2403 1297 2482 φασὶν,
1333 2399 1549 2481 εἴρηκεν
1582 2419 1600 2437 ⁶
1635 2401 1783 2459 Ἐπεὶ
1813 2399 1903 2457 δύο
1932 2401 2053 2473 εἰσὶ,
2087 2398 2280 2456 πολλαί
2304 2401 2403 2455 εἶσι
2432 2399 2669 2472 πάντως,
2717 2400 2805 2454 καὶ
2834 2398 3075 2477 ἀρκοῦσιν
3107 2400 3263 2474 ἡμϊν-
3287 2402 3416 2476 πρὸς
3462 2399 3662 2467 πλῆθος
3693 2404 3875 2458 τοσού-

493 2511 586 2547 τον
614 2488 1026 2551 ὶπελευσόμενον
1057 2495 1215 2564 ἡμῖν.
2306 2487 2314 2493 ’

574 2576 766 2639 Vens.
796 2575 1003 2641 39,46.
1041 2603 1069 2634 α
1102 2577 1172 2640 Et
1202 2595 1477 2658 egressus
1505 2577 1626 2639 ibat
1645 2577 1737 2653 (ut
1758 2586 1884 2639 erat
1908 2576 2139 2656 solitus)

2315 2599 2339 2631 α
2380 2577 2477 2635 Καὶ
2531 2574 2752 2642 ἐξελθὼν
2809 2576 3062 2655 ἐπορεύθη
3105 2578 3240 2633 κατὰ
3297 2580 3358 2633 τὸ
3415 2577 3527 2640 ἔθος
3560 2580 3633 2639 εἷς
3664 2581 3725 2636 τὸ
3755 2579 3872 2657 ὃρος

499 2665 561 2727 in
594 2672 859 2727 montem
891 2663 1191 2729 Olivarum
1220 2687 1234 2724 :
1276 2666 1465 2728 secuti
1494 2674 1629 2727 sunt
1659 2674 1854 2727 autem
1886 2666 2051 2728 illum
2084 2674 2141 2725 et

2224 2672 2329 2722 τῶν
2388 2664 2615 2723 Ἐλαιῶν
2648 2683 2663 2697 '
2720 2663 3084 2732 ἠκολούθησαν
3134 2663 3189 2721 δὲ
3232 2667 3374 2741 αύτῷ
3417 2682 3503 2722 και
3554 2669 3601 2723 οἱ
3646 2669 3872 2742 μαθηταὶ

495 2752 793 2834 discipuli.
826 2752 898 2815 Et
928 2773 1062 2816 cum
1097 2754 1461 2836 pervenisset
1490 2754 1563 2817 ad
1585 2755 1960 2824 locum.dixit
1987 2755 2133 2818 illis:

2224 2755 2401 2813 αὖτοῦ.
2458 2754 2754 2827 Γενόμενος
2813 2754 2865 2809 δὲ
2923 2753 3009 2811 ἐπὶ
3066 2765 3160 2813 τοῦ
3209 2755 3397 2833 τόπου,
3459 2759 3611 2813 εἶπεν
3666 2757 3866 2819 αὐτοῖς’

489 2839 691 2916 Orate,
722 2861 801 2905 ne
847 2843 1082 2906 intretis
1112 2844 1612 2907 intentationem.
1638 2844 1712 2906 Et
1740 2844 1870 2924 ipse
1896 2843 2137 2905 avulsus

2224 2846 2584 2923 Προσεύχεσθε
2641 2844 2717 2917 μὴ
2763 2842 3016 2900 εἰσελθεῖν
3074 2846 3147 2909 εἷς
3218 2848 3537 2923 πειρασμὸν,
3590 2848 3680 2903 καὶ
3716 2848 3865 2910 αὐτὸς

491 2937 584 2993 est
614 2929 691 2992 ab
722 2930 810 2994 eis
830 2932 1104 2995 fermead
1124 2934 1349 3014 jactum
1370 2932 1605 3014 lapidis,
1633 2933 1955 3014 positisque
1970 2934 2131 3012 geni-

2224 2933 2531 2999 ἆπεσπᾶσθη
2592 2932 2683 2989 ἀπ’
2749 2933 2921 2988 αὖτῶν
2981 2934 3104 2989 ὡσεὶ
3157 2933 3299 2989 λίθου
3351 2932 3518 3009 βολήν
3552 2952 3566 2965 ·
3636 2937 3722 2991 καὶ
3763 2939 3860 2999 θεις

488 3017 603 3081 bus
630 3018 857 3094 orabat,
881 3020 1090 3084 dicens
1118 3039 1131 3081 :
1160 3021 1412 3095 Pater,si
1442 3020 1554 3096 vis,
1576 3022 1828 3083 transfer
1859 3021 2133 3102 poculum

2224 3023 2281 3076 τὰ
2331 3022 2551 3100 γόνατα,
2632 3023 2971 3101 προσηύχετο
3045 3021 3213 3100 λέγωι⁹
3250 3042 3262 3054 ·
3341 3024 3534 3101 Πάτερ,
3596 3026 3640 3079 εἰ
3688 3022 3859 3099 βούλει

490 3106 608 3169 hoc
634 3125 669 3168 a
695 3126 815 3183 me;
845 3119 1252 3172 verumtamen
1285 3128 1404 3171 non
1428 3127 1559 3171 mea
1582 3110 1873 3181 voluntas,
1898 3111 2001 3172 sed
2038 3118 2137 3171 tua

2224 3124 2562 3189 παρενεγκεῖν
2620 3113 2681 3166 τὸ
2730 3113 2982 3187 ποτήριον
3036 3114 3189 3167 τοῦτο
3232 3111 3321 3168 ἀπ’
3369 3110 3498 3186 ἐμοῦ
3535 3130 3547 3142 ·
3609 3111 3752 3179 πλὴν
3783 3117 3856 3189 μὴ

489 3196 614 3260 ﬁat.
644 3197 935 3276 Apparuit
971 3206 1170 3260 autem
1223 3197 1308 3259 illi
1355 3198 1602 3278 angelus
1627 3199 1702 3261 de
1732 3199 1881 3262 caelo
1904 3200 2136 3262 confor-

2224 3200 2276 3255 τὸ
2331 3197 2536 3274 θελημά
2592 3221 2715 3275 μου,
2776 3199 2912 3255 ἀλλὰ
2968 3203 3028 3256 τὸ
3083 3202 3173 3256 σὸν
3232 3201 3482 3280 γενέσθω,
3552 3200 3754 3282 "um
3811 3200 3865 3256 δὲ

490 3289 620 3345 tans
642 3293 903 3347 eum:et
931 3295 1245 3366 corruptus
1302 3304 1524 3366 angore
1578 3288 1863 3368 prolixius
1902 3288 2127 3351 orabat.

2224 3291 2355 3361 αὐτῷ
2408 3286 2634 3364 ἅγγελος
2665 3286 2757 3343 ἀπ’
2814 3290 3032 3367 οὖρα·ιοῦ
3086 3289 3345 3369 ἐνισχύων
3400 3292 3573 3347 αὐτόν.
3629 3293 3729 3349 Καὶ
3769 3312 3866 3369 γε-

487 3372 565 3436 Ει
592 3381 719 3435 erat
745 3374 925 3436 sudor
954 3375 1085 3454 ejus
1114 3376 1264 3437 sicut
1283 3383 1461 3454 gutta:
1482 3377 1784 3454 sanguinis
1804 3377 2135 3439 decurren-

492 3470 582 3524 tes
609 3462 671 3525 in
694 3472 935 3528 terram.
967 3463 1039 3526 Et
1067 3483 1203 3525 cum
1235 3465 1598 3528 surrexisset
1627 3485 1662 3528 a
1688 3466 2134 3545 deprecatione,

487 3550 865 3632 venissetque
899 3552 974 3614 ad
1001 3553 1328 3633 discipulos
1375 3572 1537 3628 suos,
1589 3556 1814 3636 reperit
1861 3575 1963 3618 eos
2006 3557 2139 3618 dor-

489 3639 745 3702 mientes
768 3659 887 3720 prae
910 3642 1336 3723 mmstitudine,
1369 3652 1429 3704 et
1456 3643 1535 3705 ait
1560 3643 1702 3724 illis,
1729 3644 1879 3716 Quid
1915 3646 2140 3708 dormi-

488 3727 597 3790 tis?
617 3725 852 3807 Surgite
881 3737 939 3792 et
962 3738 1150 3811 orate,
1180 3748 1255 3792 ne
1283 3731 1514 3793 intretis
1546 3731 1607 3793 in
1656 3734 2064 3797 tentationem.
2109 3760 2131 3792 ι

490 3817 868 3879 Postcmnam
889 3836 1007 3879 non
1027 3818 1254 3881 desidia
1275 3819 1465 3881 etludi
1481 3828 1539 3882 et
1558 3838 1802 3883 somnus
1819 3822 2135 3884 Dominum

487 3905 994 3986 excipiebant,sed
1024 3906 1278 3970 docebat
1297 3914 1357 3970 et
1375 3908 1854 3991 orabat,propter
1882 3930 1990 3971 nos
2014 3912 2139 3972 haec

488 3994 749 4074 ﬁgurans
778 4004 837 4057 et
863 3996 1304 4061 demonstrans.
1329 3996 1624 4077 Vaeigitur
1649 3998 1725 4061 iis
1744 3999 1847 4077 qui
1871 4009 2000 4081 post
2021 4018 2138 4063 cm-

488 4100 624 4145 nam
645 4081 819 4145 {mdis
844 4083 1304 4147 scortationibus
1332 4095 1562 4151 vacant.
1580 4088 1822 4150 Secedit
1849 4096 2044 4149 autem
2079 4089 2137 4150 in

489 4176 751 4233 montem
781 4170 1079 4234 Olivarum
1114 4181 1421 4255 postquam
1453 4175 1592 4237 talia
1610 4175 1911 4239 docuisset
1948 4176 2135 4237 disci-

489 4259 685 4340 pulos,
708 4268 773 4321 ut
802 4269 1019 4323 oraret.
1058 4263 1462 4327 Consueverat
1515 4265 1676 4327 enim
1716 4283 1984 4327 seorsum
2021 4266 2135 4327 hoc

489 4346 686 4411 facere
707 4348 937 4413 Idcirco
964 4358 1024 4413 et
1054 4369 1089 4412 a
1107 4351 1420 4432 discipulis
1444 4353 1741 4417 avellitur.
1765 4352 1894 4416 Non
1925 4373 2137 4417 omnes

485 4443 686 4500 autem
720 4436 1065 4517 discipulos,
1110 4442 1217 4502 sed
1250 4447 1371 4504 tres
1397 4449 1621 4504 tantum
1651 4442 1924 4521 assumit,
1955 4445 2053 4523 qui
2080 4452 2136 4505 et

488 4524 691 4605 gloria
712 4543 833 4588 suae
853 4526 913 4588 in
938 4535 1140 4590 monte
1160 4536 1523 4608 spectatores
1547 4530 1955 4603 iuerant.Quia
1976 4533 2134 4593 enim

489 4621 549 4675 et
578 4613 639 4675 in
667 4632 860 4693 agone
888 4625 1162 4678 oraturus
1193 4626 1341 4699 erat,
1376 4626 1440 4679 ut
1470 4637 1546 4681 ne
1595 4621 1864 4682 videatur
1912 4620 2137 4682 timidi-

491 4704 629 4766 tatis
659 4721 792 4766 esse
825 4705 1136 4781 indicium,
1174 4716 1496 4788 prOpterea
1524 4709 1771 4771 assumit
1791 4728 1893 4771 eos
1924 4711 2027 4791 qui
2046 4710 2141 4773 di-

487 4791 643 4855 vina
680 4792 890 4874 glorise
921 4804 983 4857 et
1016 4796 1263 4877 superni
1290 4799 1619 4861 testimonii
1663 4806 2031 4879 spectatores
2084 4807 2142 4862 et

489 4880 788 4945 auditores
810 4882 1135 4959 fuerant,ut
1163 4903 1297 4946 cum
1328 4886 1589 4948 viderint
1612 4886 1997 4963 laborantem,
2030 4889 2144 4950 hoc

490 4968 768 5032 humana;
796 4980 1023 5035 natura;
1051 4991 1184 5036 esse
1216 4972 1437 5039 dicant.
1461 4974 1536 5038 Ut
1585 4976 1743 5038 enim
1794 4976 2140 5040 crederetur

486 5076 661 5123 verus
686 5060 864 5122 homo
896 5080 1053 5137 esse,
1090 5071 1317 5126 natura)
1359 5064 1517 5145 quod
1563 5082 1733 5127 suum
1786 5075 1914 5128 erat
1942 5067 2139 5128 facere

488 5147 784 5231 permisit,
812 5150 1073 5213 etvitam
1127 5153 1354 5232 appetit
1410 5154 1585 5214 etiam
1636 5153 1765 5234 ipse
1819 5163 1881 5216 ut
1932 5155 2135 5236 homo,

488 5245 883 5320 precaturque
912 5249 976 5303 ut
1008 5248 1269 5303 transeat
1298 5242 1469 5305 calix.
1491 5240 1635 5303 Nam
1661 5243 1792 5304 vitae
1820 5261 2025 5305 amans
2046 5253 2135 5307 est

485 5324 690 5392 homo.
710 5326 837 5401 Quo
861 5329 1239 5392 confutantur
1268 5331 1527 5393 hmreses
1548 5349 1679 5412 quae
1708 5331 1909 5393 dicunt
1938 5332 2130 5413 phan-

2220 3376 2438 3450 νόμενος
2497 3374 2550 3431 ἐν
2597 3376 2797 3453 ἀγωνίᾳ
2852 3378 3216 3454 ἒιτενέστερον
3283 3380 3646 3459 προσηύχετο.
3704 3378 3870 3457 Ἐγέ-

2221 3486 2339 3520 νετο
2396 3462 2450 3519 δὲ
2494 3467 2520 3520 ὁ
2570 3463 2723 3542 ἱδρὼς
2771 3466 2927 3522 αὒτοῡ
2969 3469 3096 3524 ὡσεὶ
3135 3466 3354 3545 θρόμϐοι
3414 3469 3645 3543 αἵματος
3700 3490 3870 3525 κατα-

2220 3551 2483 3617 ϐαίνοντες
2516 3557 2587 3619 εἰς
2617 3554 2715 3622 τὴν
2763 3556 2885 3632 γῆν,
2948 3558 3046 3613 Καὶ
3094 3556 3327 3621 ἀναστὰς
3384 3558 3490 3613 ἀπὸ
3548 3562 3645 3625 τῆς
3701 3578 3871 3633 προσ·

2222 3648 2411 3721 ευγῆς.
2500 3642 2664 3699 ἐλθὼν
2747 3648 2876 3721 πρὸς
2963 3647 3083 3709 τοὺς
3143 3647 3383 3720 μαθητὰς
3458 3649 3637 3720 αὐτοῦ,
3724 3655 3871 3725 εὗρεν

2224 3732 2404 3796 αὖτοὺς
2453 3731 2816 3806 κοιμωμένους
2874 3732 2978 3788 ἀπὸ
3027 3734 3123 3799 τῆς
3178 3732 3375 3799 λύπης.
3443 3736 3540 3791 Καὶ
3570 3736 3726 3790 εἶπεν
3768 3736 3867 3790 αὑ-

2220 3834 2335 3881 τοῖς
2373 3838 2387 3854 '
2435 3821 2494 3878 Τί
2550 3818 2873 3895 καθεύδετες
2935 3822 3283 3885 Ἀναστάντες
3346 3824 3723 3903 προσεύχεσθε,
3775 3824 3870 3879 ἵνα

2220 3909 2299 3983 μὴ
2344 3908 2612 3975 εἰσέλθητε
2666 3910 2737 3971 εἷς
2792 3910 3107 3987 πειρασμόν,
3148 3940 3167 3962 υ
3241 3914 3385 3967 Μετὰ
3422 3914 3481 3967 τὸ
3539 3911 3778 3992 δεῖπνον,
3815 3913 3873 3970 οὗ

2219 3997 2459 4073 ῥᾳθυμία,
2523 4000 2609 4054 καὶ
2661 3998 2901 4078 παίγνια,
2959 4001 3047 4055 καὶ
3090 4001 3252 4066 ὕπνος
3310 4003 3399 4058 τὸν
3462 4003 3647 4081 Κύριον
3693 4000 3866 4059 διαδέ-

2217 4109 2434 4166 χονται,
2489 4085 2625 4143 ἀλλὰ
2682 4085 3013 4166 διδασκαλία,
3069 4092 3155 4146 καὶ
3219 4091 3521 4170 προσευχὴ,
3594 4089 3661 4146 δι’
3725 4094 3870 4165 ἡμᾶς

2215 4182 2378 4232 ταῦτα
2435 4186 2695 4235 τυποῦντα
2738 4178 2827 4232 καὶ
2883 4176 3277 4237 ὑποδεικνύντα.
3334 4180 3459 4236 Οὐαὶ
3515 4181 3704 4236 λοιπὸν
3753 4194 3869 4244 τοῖς

2216 4271 2314 4331 τῆς
2364 4266 2550 4340 ἀτίμου
2602 4268 2846 4343 πορνείας
2890 4266 3066 4347 ἔργοις
3119 4270 3255 4343 μετὰ
3285 4271 3347 4325 τὰ
3403 4267 3592 4326 δεΐπνα
3650 4270 3868 4352 ἐπιχει-

2220 4362 2419 4432 ροῦσιν,
2485 4345 2863 4434 ιΥποιναχωρεῒ
2922 4359 3048 4435 γοῦν
3101 4359 3176 4421 εἰς
3232 4359 3294 4413 τὸ
3353 4358 3470 4436 ὅρος
3505 4359 3611 4415 τῶν
3646 4350 3867 4416 Ἐλαιῶν

2220 4445 2356 4519 μετὰ
2413 4447 2475 4501 τὸ
2517 4455 2737 4503 τοιαῦτα
2795 4442 2993 4511 διδάξαι
3043 4447 3164 4512 τοὺς
3198 4449 3462 4520 μαθητὰς,
3498 4450 3571 4510 ὡς
3604 4447 3664 4503 ἂν
3697 4471 3865 4527 προσ-

2220 4532 2455 4600 εύξηται.
2523 4534 2704 4591 Εἰώθει
2758 4535 2859 4613 γὰρ
2918 4536 3055 4591 κατὰ
3111 4538 3277 4611 μόνας
3338 4545 3490 4594 τοῦτο
3529 4538 3732 4594 ποιεῖν’
3787 4536 3864 4594 διὸ

2222 4624 2309 4678 καὶ
2365 4623 2470 4679 ἀπὸ
2526 4628 2632 4677 τῶν
2707 4626 2959 4697 μαθητῶν
3036 4624 3365 4683 ἀποσπᾶται.
3428 4630 3501 4691 Οὐ
3553 4627 3754 4689 πάντας
3813 4627 3865 4683 δὲ

2221 4712 2341 4775 τοὺς
2402 4712 2663 4787 μαθητὰς,
2721 4709 2858 4768 ἀλλὰ
2916 4714 3106 4786 μόνους
3164 4715 3287 4777 τοὺς
3335 4728 3479 4791 τρεῖς
3509 4714 3863 4793 παραλαμϐά-

2224 4823 2323 4873 νει,
2383 4802 2500 4863 τους
2563 4802 2649 4856 καὶ
2692 4800 2783 4866 τῆς
2823 4798 2977 4867 δόξης
3024 4806 3183 4861 αὒτού
3237 4804 3290 4858 ἐν
3334 4808 3411 4878 τῴ
3465 4803 3572 4883 ὄρει
3621 4806 3871 4883 θεωρούς,

2224 4889 2445 4956 Ἐπειδὴ
2500 4890 2599 4967 γὰρ
2656 4888 2859 4966 ἀγωνιᾷ
2906 4892 2992 4947 καὶ
3042 4893 3421 4971 προσεύχεται,
3459 4892 3550 4948 ἵνα
3581 4893 3659 4968 μη
3691 4892 3877 4958 δόξωσι

2222 4977 2414 5041 δειλίας
2472 4987 2634 5036 ταῦτα
2692 4978 2855 5051 εἶναι,
2918 4977 3001 5035 διὰ
3059 4990 3215 5038 τοῦτο
3271 4983 3486 5045 τούτους
3546 4988 3641 5048 τῆς
3687 4985 3873 5049 θεϊκῆς

2220 5069 2379 5127 αὒτοῦ
2434 5066 2587 5133 δόξης
2670 5069 2755 5122 καὶ
2809 5072 2907 5133 τῆς
2986 5064 3181 5125 ἄνωθεν
3249 5078 3531 5148 μαρτυρίας
3604 5071 3871 5133 αὖτόπτας

2218 5158 2304 5214 καὶ
2352 5156 2610 5218 ἀκουστὰς
2670 5153 3121 5232 παραλαμϐάνει·
3184 5157 3275 5212 ἵνα
3333 5157 3459 5214 ὅταν
3488 5160 3679 5235 ὁρῶσιν
3714 5159 3861 5237 ἄγω-

2217 5250 2432 5317 νιῶντα,
2492 5248 2590 5308 τῆς
2646 5242 2972 5321 ἀνθρωπίνης
3036 5245 3237 5324 φύσεως
3307 5258 3460 5303 τοῦτο
3516 5247 3657 5302 εἶναι
3709 5245 3863 5325 λογί-

2216 5355 2432 5393 σωνται,
2501 5333 2598 5386 Διὰ
2643 5332 2741 5409 γὰρ
2793 5333 2855 5387 τὸ
2911 5333 3295 5409 πιστώσασθαι,
3358 5334 3437 5389 ὅτι
3493 5332 3703 5401 ἀληθῶς
3776 5334 3864 5389 ἇν-

483 5416 761 5503 tasticum
794 5417 976 5482 fuisse
1000 5418 1327 5483 hominem.
1354 5420 1592 5484 Etenim
1639 5438 1773 5481 cum
1813 5421 1938 5484 haec
1981 5421 2134 5485 facta

2224 5427 2417 5503 ὶρωπος
2477 5422 2687 5501 γέγονε,
2744 5419 2994 5478 ἐπιδέδωκε
3038 5424 3103 5499 τῇ
3148 5423 3296 5501 φύσει
3341 5427 3401 5479 τὸ
3436 5424 3623 5491 ἑαυτῆς
3656 5439 3863 5481 ποιεῖν’

484 5501 696 5579 sint,et
720 5505 1061 5569 habuerunt
1080 5507 1240 5573 unde
1273 5508 1568 5590 ejusmodi
1599 5509 2131 5590 nugarenturzquid

2224 5501 2302 5569 ιιαὶ
2347 5512 2593 5585 ἐπιθυμεῖ
2676 5510 2819 5582 ζωῆς
2889 5512 2977 5567 καὶ
3056 5514 3211 5574 αὐτὸς
3288 5514 3360 5576 ὡς
3425 5512 3721 5587 ἅνθρωπος,
3781 5522 3868 5576 καὶ

562 5666 615 5716 ει
637 5668 814 5739 Joan.
845 5688 931 5753 ιι,
965 5673 1068 5739 19.
