4140 6280
294 397 476 469 ,1085
1001 406 1446 471 ΕΝΔΗΒᾹΤΙΟ
1488 406 1571 471 IN
1615 402 1959 470 EVANGEI

2046 404 2123 464 ΙΜ
2170 402 2406 465 LUC-1E.
2459 435 2533 448 —
2576 406 2742 468 CAP.
2802 406 2973 469 XXII
3536 405 3692 473 1086

317 529 524 610 ἔλεγεν,
573 531 702 613 ἃχρι
744 534 842 601 τῆς
873 533 1112 615 ἐσχάτης
1142 534 1282 615 ὥρας
1326 536 1728 613 περικαιόμενος
1772 538 1953 596 αὐτοῦ.

2046 529 2248 594 fovens
2266 531 2434 595 illum
2455 533 2747 596 etidcirco
2762 554 2878 595 non
2899 545 3248 615 prosecutus
3272 546 3361 599 est
3382 536 3688 613 convitiis,

325 621 421 677 Διὸ
477 623 562 679 καὶ
610 621 724 678 οὐδὲ
766 622 995 704 ὕϐρισεν,
1056 623 1169 683 οὐδὲ
1226 625 1402 681 εἷπεν⁶
1466 626 1808 705 Ἀπάνθρωπε
1877 626 1959 682 καὶ

2046 638 2236 700 neque
2266 620 2431 683 dixit.
2458 622 2593 682 477
2617 621 2664 686 Ο
2686 623 3008 686 inhumane
3039 634 3096 687 et
3125 625 3686 705 ingratissime,sed,

319 708 784 796 ἀγνωμονέστατε,
856 710 996 781 ἀλλ’,
1058 736 1079 769 ι
1146 710 1337 793 Ἰούδα,
1382 736 1405 770 ιι
1480 722 1556 787 τῷ
1593 717 1752 793 κυρίῳ
1809 718 1959 772 αὐτοῦ

2053 734 2070 764 ι
2100 709 2310 791 ,Ιυὰεῳ
2335 712 2574 790 proprio
2608 730 2741 773 eum
2775 713 3016 775 nomine
3050 714 3415 796 compellans
3445 738 3457 779 :
3494 733 3689 795 neque

323 795 543 870 ὀνόματι
616 797 1038 875 ἀνακαλούμενος
1098 800 1276 860 αὐτόν.
1316 803 1410 859 Καὶ
1442 800 1549 859 οὔδ’
1584 801 1645 857 ἄν
1669 803 1961 880 προσωνεί-

2043 797 2275 877 gravius
2304 799 2481 861 simul
2512 801 2826 881 arguisset,
2864 803 2973 864 nisi
3008 811 3065 865 et
3095 802 3207 865 hoc
3238 805 3292 867 ei
3322 804 3605 868 cessisset
3625 804 3687 866 in
3784 862 3797 878 ,

322 881 487 961 δισεν,
548 887 591 941 εἰ
642 888 720 959 μὴ
793 889 880 945 καὶ
908 900 1062 947 τοῦτο
1092 892 1165 954 εἰς
1197 888 1473 964 βελτίωσιν
1504 891 1659 947 αότοῦ
1683 890 1773 969 ἧν,
1808 888 1960 967 εἴπερ

321 970 592 1044 ἐϐούλετο,
629 966 752 1034 ’Ἵνα
795 979 893 1055 γὰρ
924 979 1002 1053 μὴ
1032 978 1154 1055 δόξῃ
1200 977 1404 1059 λαθετδ,
1444 978 1562 1036 ἀλλ’
1592 966 1832 1057 ἐπιγνοὺς
1863 966 1960 1035 κᾶν

319 1062 442 1118 τότε
497 1066 590 1121 τὸν
648 1068 943 1144 Δεσπότην,
978 1070 1051 1129 ὼς
1088 1068 1256 1124 πάντα
1290 1066 1483 1147 εἰδότα,
1527 1066 1825 1146 προσπέσῃ,
1875 1068 1961 1123 καὶ

322 1158 593 1232 μεταγνῷ,
651 1156 831 1211 τούτου
888 1154 1060 1211 ἕνεκεν
1116 1157 1203 1211 καὶ
1257 1164 1411 1213 τοῦτο
1442 1155 1681 1235 ἐποίησε,
1713 1157 1800 1212 καὶ
1830 1156 1964 1211 ὀνειο

320 1236 476 1309 δέξειν
534 1240 725 1308 ἔδοξεν.
789 1232 951 1313 ’ᾘδει
1023 1245 1119 1319 μὲν
1173 1245 1272 1323 γὰρ
1327 1245 1505 1323 αὺτὸν,
1540 1245 1618 1301 ὅτι
1648 1242 1960 1323 ἀδιόρθωτός

317 1330 486 1404 ἔστιν,
536 1331 657 1388 ἀλλ’
725 1333 814 1390 οὖν
882 1335 941 1389 τὸ
998 1335 1183 1391 ἑαυτοῦ
1237 1333 1423 1391 ἐποίει’
1479 1334 1657 1413 ὥσπερ
1700 1336 1787 1389 οὖν
1816 1334 1902 1389 καὶ
1933 1334 1960 1388 δ

320 1416 504 1497 Πατὴρ
562 1420 720 1478 αὐτοῦ
779 1421 833 1476 ἐν
889 1428 957 1498 τῇ
1026 1421 1233 1494 Παλαιᾷ
1286 1436 1454 1478 ποιεῖ’
1490 1420 1637 1486 εἰδὼς
1684 1422 1760 1496 μὴ
1792 1421 1957 1477 ἀκού-

2045 886 2336 976 melius,si
2362 889 2600 969 quidem
2622 890 3169 954 voluisset.Etenim
3199 913 3275 955 ne
3308 902 3536 976 putaret
3554 911 3688 956 esse

2042 975 2365 1047 occultum,
2401 979 2503 1039 sed
2537 986 2738 1039 notum
2790 979 3067 1051 Domino,
3118 990 3175 1043 et
3218 975 3318 1057 vel,
3360 992 3499 1045 tunc
3549 988 3689 1044 ante

2045 1062 2243 1125 omnia
2297 1066 2581 1127 scientem
2615 1067 3035 1147 procumberet
3076 1078 3132 1132 et
3185 1072 3521 1151 paeniteret,
3569 1071 3687 1133 hoc

2044 1151 2269 1241 fecit,et
2285 1155 2442 1215 visus
2454 1162 2542 1215 est
2556 1173 2691 1217 eum
2716 1157 3186 1222 confundere.Et
3206 1159 3684 1241 sciebatquidem

2044 1239 2208 1301 illum
2238 1241 3020 1320 inemendabilem,faciebat
3044 1254 3240 1309 tamen
3267 1239 3502 1310 interim
3525 1246 3686 1328 quod

2043 1347 2242 1416 suum,
2275 1330 2773 1410 quemadmodum
2807 1345 2866 1395 et
2895 1333 3069 1396 Pater
3100 1336 3231 1416 ejus
3276 1338 3336 1398 in
3365 1335 3565 1398 Veteri
3596 1336 3687 1397 fa-

2044 1415 2279 1493 ciebatZ;
2314 1419 2511 1480 sciens
2540 1420 2699 1481 enim
2722 1420 2960 1484 Judaeos
2985 1443 3100 1485 non
3130 1425 3456 1498 audituros,
3485 1424 3686 1486 mitte-

2044 1505 2141 1565 bat
2165 1506 2504 1586 prophetas.
2534 1506 2769 1571 Interea
2799 1519 2858 1573 et
2903 1530 3009 1572 nos
3059 1512 3216 1574 idem
3271 1514 3463 1588 docet,
3500 1522 3564 1575 ut
3612 1529 3690 1574 ne

2046 1595 2370 1655 correcturi
2390 1596 2960 1675 lapsos,deﬁciamus
2976 1610 3029 1660 et
3052 1600 3354 1663 laboribus
3379 1600 3686 1664 cedamus.

317 1686 398 1757 μὴ
447 1688 758 1763 ἒκκακῶμεν
822 1690 941 1754 τοὺς
985 1690 1264 1754 πταίοντας
1320 1687 1691 1764 διορθούμενοι.
1738 1688 1959 1756 Ζηλοῦσι

2048 1685 2230 1746 Porro
2263 1683 2538 1771 discipuli
2567 1687 2693 1747 zelo
2728 1688 3065 1771 ﬂagrantes,
3100 1693 3275 1752 etiam
3306 1691 3532 1770 gladios
3556 1688 3688 1752 exi-

317 1770 374 1827 δέ
429 1777 476 1830 οἱ
531 1779 782 1858 μαθηταὶ,
838 1780 925 1834 καὶ
969 1778 1240 1857 μαχαίρας
1271 1778 1633 1856 ἀνασύρονται.
1694 1778 1855 1834 Πόθεν
1910 1775 1959 1832 δὲ

2051 1780 2236 1835 munt.
2262 1770 2429 1834 Unde
2455 1782 2650 1835 autem
2684 1773 2817 1835 illos
2847 1775 3192 1839 habebant?
3218 1780 3452 1858 Agnum
3478 1779 3693 1840 immo-

316 1864 512 1927 ταύτας
571 1865 730 1944 εἶχον
778 1887 794 1938 ς
827 1866 897 1924 Τό
928 1866 1103 1945 ἀρνίον
1133 1867 1404 1945 θύσαντες,
1436 1868 1524 1923 καὶ
1567 1866 1672 1922 ἀπὸ
1700 1865 1959 1945 τραπέζης

2048 1861 2258 1938 larant,
2298 1869 2355 1921 et
2383 1879 2416 1921 a
2450 1880 2654 1923 mensa
2684 1864 2967 1927 exierant.
3013 1865 3088 1926 At
3135 1867 3403 1946 arguitur
3448 1868 3685 1947 Petrus,

316 1951 708 2034 ὶξεληλυθότες,
774 1956 990 2019 εἰκότως
1050 1955 1211 2034 εἶχον
1282 1955 1493 2020 ταύτας.
1527 1954 1869 2030 Ἐπιτιμᾶται
1904 1953 1958 2011 δὲ

2046 1949 2143 2029 qui
2174 1957 2389 2029 praeter
2421 1968 2667 2030 scopum
2723 1953 2957 2014 Domini
3013 1954 3141 2016 zelo
3177 1974 3317 2017 usus
3366 1964 3543 2018 esset.
3575 1954 3692 2017 Alii

317 2042 349 2097 ὁ
402 2042 592 2117 θερμὸς
624 2042 840 2122 Πέτρος,
900 2046 974 2106 ὡς
1034 2044 1174 2121 παρὰ
1232 2045 1322 2099 τὸν
1377 2044 1574 2099 σκοπὸν
1630 2050 1721 2100 106
1768 2044 1959 2123 Κυρίου

2046 2037 2260 2099 etenim
2276 2040 2656 2116 interrogant,
2673 2062 2692 2094 ι
2706 2037 2852 2100 Num
2870 2043 3371 2121 percutiemus?:l
3374 2062 3479 2126 pse
3490 2053 3690 2105 autem

316 2128 467 2200 ζήλῳ
522 2131 886 2210 χρησάμενος,
951 2133 1010 2188 Οἱ
1041 2132 1137 2207 μὲν
1168 2133 1267 2211 γὰρ
1310 2130 1461 2188 ἄλλοι
1514 2131 1798 2210 ἐρωτῶσιν
1841 2156 1863 2188 α
1903 2135 1959 2189 Εἰ

2046 2145 2161 2188 non
2190 2133 2492 2207 exspectat
2518 2136 2905 2208 praeceptum.
2933 2128 3017 2191 lta
3045 2150 3283 2213 Semper
3311 2132 3568 2194 fervebat
3582 2149 3690 2213 pro

317 2218 672 2294 πατάξομενς
739 2222 892 2284 αὐτὸς
963 2219 1016 2276 δὲ
1089 2222 1147 2276 0-3
1191 2220 1460 2300 περιμένει
1515 2224 1838 2300 προτροπήν·
1877 2220 1959 2278 06'-

2046 2215 2340 2294 Magistro.
2408 2217 2666 2278 Percutit
2721 2225 2917 2278 autem
2967 2238 3199 2281 servum
3262 2221 3579 2301 pontificis,
3630 2229 3690 2281 et

316 2330 396 2363 τω
450 2317 726 2390 πανταχοῦ
778 2310 908 2381 ζέων
955 2314 1021 2378 ἦν
1068 2311 1195 2387 ὑπερ
1226 2316 1319 2366 106
1372 2307 1718 2372 Διδασκάλου.
1748 2307 1959 2367 Πατάσ-

2046 2313 2307 2384 amputat
2338 2323 2539 2366 aurem
2576 2305 2707 2385 ejus
2736 2306 3027 2369 dextram.
3060 2308 3265 2390 Neque
3302 2310 3410 2373 hoc
3452 2310 3692 2372 fortuito

322 2419 404 2453 σει
461 2394 515 2453 δὲ
586 2400 675 2454 τὸν
734 2397 917 2455 δοῦλον
948 2406 1039 2456 τοῦ
1069 2398 1385 2478 ἀρχιερέως,
1430 2400 1517 2454 καὶ
1556 2399 1771 2478 ἀφαιρεῖ
1810 2399 1959 2457 αὖτοῠ

2046 2394 2315 2470 contigit,
2336 2393 2441 2454 sed
2468 2393 2701 2473 signum
2734 2395 2847 2457 hoc
2877 2406 3024 2472 erat,
3078 2398 3397 2461 Pontifices
3427 2400 3525 2480 qui
3556 2407 3697 2461 tunc

317 2488 380 2543 τὸ
450 2486 537 2551 οὖς
605 2489 666 2545 τὸ
722 2485 908 2553 δεξιόν,
944 2489 1014 2545 O6
1046 2489 1279 2567 τυχαίως
1308 2494 1488 2565 τοῦτο,
1516 2484 1652 2544 ἀλλὰ
1701 2487 1959 2564 σύμϐολον

2048 2491 2455 2551 erant,omnes
2474 2490 2678 2543 uturos
2699 2492 2993 2564 servos,et
3014 2486 3351 2565 perdituros
3371 2486 3697 2549 auriculam

318 2576 379 2633 ὄν
450 2586 542 2635 τοῦ
572 2578 692 2640 τοὺς
724 2578 843 2634 τότε
873 2577 1146 2656 ἀρχιερεῖς
1176 2577 1412 2641 ἅπαντας
1457 2575 1668 2641 δούλους
1698 2579 1959 2658 γενέσθαι,

2048 2570 2341 2632 dextram.
2372 2570 2611 2631 Etenim
2644 2571 2695 2632 si
2725 2572 2925 2633 Mosen
2957 2573 3346 2655 audivissent,
3381 2574 3696 2637 Dominum

322 2667 413 2721 καὶ
470 2664 725 2723 ἀπολέσαι
782 2667 877 2734 τὴν
931 2665 1099 2730 δεξιὰν
1158 2666 1347 2741 ἀκοὴν,
1383 2668 1440 2723 Εἰ
1470 2666 1568 2745 γὰρ
1611 2665 1802 2733 ἤκουον
1834 2675 1959 2723 Μω-

2048 2658 2252 2738 gloria:
2277 2677 2577 2739 nunquam
2613 2659 3066 2723 crucifixissent.
3094 2662 3313 2726 Verum
3335 2663 3508 2725 Jesus
3531 2663 3696 2725 auri-

318 2753 480 2828 σέως,
540 2756 633 2811 οὐκ
703 2755 764 2810 ἄν
819 2756 909 2811 τὸν
982 2757 1167 2833 Κύριον
1236 2761 1335 2823 τῆς
1396 2753 1550 2821 δόξης
1608 2756 1959 2822 ἐσταύρωσαν,

2051 2748 2242 2808 culam
2276 2747 2557 2809 restituit.
2582 2748 2765 2809 Decet
2796 2750 2950 2810 enim
2984 2751 3260 2814 virtutem
3284 2750 3463 2814 Verbi
3490 2770 3700 2816 sanare

318 2841 528 2910 Ἰησοῦς
602 2842 655 2899 δέ
710 2846 771 2900 τὸ
828 2845 981 2901 ὠτίον
1028 2844 1439 2912 ἀποκαθίστησυ
1515 2844 1702 2922 πρέπει
1774 2847 1872 2925 γὰρ
1902 2853 1959 2923 τῇ

2052 2834 2551 2909 inobedienles,et
2575 2854 2877 2925 apponere
2900 2838 2984 2899 eis
3001 2840 3326 2902 auriculam
3348 2850 3407 2902 ut
3428 2842 3692 2904 audiant.

317 2930 532 3009 μεγάλῃ
590 2940 679 2989 106
752 2931 921 3011 Λόγου
987 2931 1202 3008 δυνάμει
1272 2936 1333 2990 τὸ
1385 2935 1507 2995 τοὺς
1566 2936 1959 3013 παρακούοντας

2048 2924 2220 2988 Jesus
2251 2924 2449 3004 itaque
2483 2924 2861 3013 manifestum
2888 2925 3236 3013 miraculum
3264 2929 3424 3004 facit,
3458 2938 3514 2990 et
3543 2930 3697 2991 auri-

315 3024 514 3101 ἰᾶσθαι,
580 3031 666 3077 καὶ
717 3022 1043 3101 προστιθέναι
1102 3025 1284 3085 αὐτοῖς
1316 3023 1470 3079 ὠτίον
1502 3024 1575 3084 εἰς
1632 3024 1691 3079 τὸ
1733 3023 1959 3081 ἀκούειν.

2050 3013 2242 3075 culam
2256 3010 2786 3083 sanans,miraculo
2802 3012 3142 3092 patientiam
3158 3034 3322 3076 suam
3348 3016 3692 3094 ostendens,

319 3099 722 3189 Θαυματουργεῖ
759 3099 958 3168 τοίνυν
1017 3114 1043 3167 ὁ
1107 3109 1336 3183 Ἰησοῦς,
1397 3110 1479 3167 διὰ
1532 3114 1625 3168 106
1649 3112 1959 3189 φαινομένου

2049 3111 2106 3165 et
2135 3120 2238 3182 per
2272 3099 2623 3161 miraculum
2656 3100 2949 3161 inducens
2975 3120 3075 3163 eos
3102 3112 3164 3165 ut
3191 3104 3263 3165 ab
3291 3105 3520 3168 insania
3541 3105 3695 3167 absi-

317 3198 504 3257 τούτου
560 3198 645 3255 ἐπὶ
715 3205 787 3271 τῷ
816 3199 953 3273 ὠτίιε.
985 3201 1249 3274 θαύματος
1287 3201 1383 3266 τὴν
1426 3198 1752 3264 ἀνεξικακίαν
1809 3204 1959 3258 αὖτοῦ

2047 3199 2223 3255 stant.
2260 3189 2412 3253 Dicit
2440 3194 2638 3251 autem
2669 3190 2739 3249 ad
2772 3189 3072 3269 principes
3102 3193 3499 3265 sacerdotum,
3535 3201 3591 3255 et
3618 3196 3691 3256 ad

316 3287 590 3368 δεικνύων,
651 3290 737 3346 καὶ
795 3288 879 3344 διὰ
952 3296 1075 3366 γοῦν
1115 3289 1206 3345 106
1234 3290 1497 3362 θαύματος
1526 3290 1726 3366 ἐνάγων
1778 3290 1959 3351 αὐτοὺς

2051 3281 2435 3368 magistratus
2452 3278 2677 3357 templi.
2695 3283 2990 3368 Στρατηγοὶ
3014 3289 3071 3342 et
3092 3281 3294 3344 aediles
3316 3282 3690 3361 dicebantur,

317 3377 392 3439 εἰς
449 3377 511 3432 τὸ
578 3367 873 3456 ἀπέχεσθαι
931 3383 1028 3443 τῆς
1087 3378 1301 3451 μανίας,
1362 3377 1516 3455 Λέγει
1548 3376 1600 3432 δὲ
1656 3380 1787 3456 πρὸς
1844 3380 1959 3441 τοὺς

2047 3370 2146 3452 qui
2177 3367 2475 3431 constituti
2494 3404 2500 3411 -
2529 3380 2657 3428 rant
2675 3367 2745 3428 ad
2774 3369 3138 3448 exquirenda
3154 3390 3221 3433 ea
3241 3391 3369 3453 qua:
3390 3373 3464 3434 ad
3486 3374 3691 3451 templi

317 3466 594 3543 ἀρχιερεῖς
647 3467 733 3521 καὶ
805 3467 1133 3544 στρατηγοὺς
1202 3476 1296 3525 τοῦ
1342 3468 1501 3545 ἱεροῦ,
1548 3466 1809 3540 τουτέστι,
1842 3469 1959 3533 τοὺς

2047 3478 2217 3523 usum
2248 3457 2658 3535 exigebantur,
2691 3459 2779 3520 vel
2812 3458 2914 3538 qui
2958 3460 3214 3540 praefecti
3247 3471 3413 3523 erant
3442 3463 3693 3527 aedilicio

317 3552 606 3628 ταξεώτας,
671 3556 791 3619 τοὺς
851 3558 939 3613 ἐπὶ
998 3564 1073 3630 τῷ
1135 3555 1407 3613 ἐκτάσσειν
1456 3557 1806 3633 τεταγμένους
1868 3578 1959 3620 τας

2048 3559 2106 3612 et
2132 3545 2556 3611 constructioni
2591 3546 2816 3626 templi.
2844 3547 2929 3608 Ad
2962 3551 3067 3609 hos
3092 3548 3274 3629 igitur
3303 3550 3448 3615 dicit
3477 3571 3492 3612 :
3530 3551 3692 3624 Quo-

318 1526 511 1572 σοντας
581 1511 701 1574 τοὺς
760 1502 1051 1590 Ἐϐραίους,
1085 1510 1232 1586 ὅμως
1289 1509 1600 1568 ἀποστέλλει
1652 1512 1771 1574 τοὺς
1822 1532 1962 1587 προ-

319 1597 517 1673 φήτας·
578 1596 687 1673 ἅμα
744 1598 799 1656 δέ
855 1601 942 1656 καὶ
997 1602 1140 1674 ἡμᾶς
1198 1606 1351 1656 τοῦτο
1395 1599 1518 1656 αὒτὸ
1549 1597 1824 1671 διδάσκων,
1870 1596 1965 1655 ἵνα

316 3644 583 3721 ἱερατικὰς
639 3646 977 3717 ἀπαιτήσεις,
1031 3645 1065 3714 ἤ
1118 3647 1203 3701 καὶ
1232 3646 1352 3710 τοὺς
1408 3644 1855 3721 πεπιστευμένους
1899 3645 1963 3701 τὰ

316 3737 417 3799 τῆς
472 3731 825 3809 ἐποικοδομῆς
871 3742 963 3791 τοῦ
1006 3737 1142 3812 ἱεροῦ
1166 3735 1253 3791 καὶ
1282 3735 1565 3801 ἐπισκευῆς
1610 3732 1737 3812 ἔργα
1767 3755 1962 3811 στρατ-

318 3822 483 3899 ηγοὺς
543 3822 811 3897 ὀνομάζει.
871 3825 1041 3889 ψησὶν
1094 3827 1180 3879 οὖν
1225 3824 1355 3901 πρὸς
1413 3824 1652 3886 τούτους·
1713 3821 1962 3897 Καθημέ-

316 3932 412 3989 ραν
470 3909 523 3965 ἐν
580 3914 657 3984 τῷ
714 3914 835 3988 ἱερῷ
903 3910 1190 3984 ἐδίδασκον,
1247 3913 1333 3969 καὶ
1389 3914 1482 3969 οὐκ
1542 3910 1834 3980 ἧθελήσατέ
1892 3932 1959 3985 με

320 3998 628 4078 συλλαϐεῖν,
662 4000 747 4055 καὶ
774 4002 859 4056 νῦν
930 4000 1229 4078 λῃστρικῶς
1288 3999 1565 4069 ἐπήλθετε.
1613 3996 1761 4057 Ἀλλ’
1794 3998 1958 4063 ὄντως

318 4089 503 4153 νυκτὸς
532 4087 705 4166 ἔργοις
738 4088 1093 4169 ἐπιχειρεῖτε,
1126 4092 1213 4146 καὶ
1244 4090 1444 4155 ἐξουσία
1474 4092 1619 4165 ὑμῶν
1650 4096 1741 4145 106
1763 4090 1982 4151 σκότους
2014 4090 2125 4144 ἐστι
2161 4102 2175 4116 '

313 4179 467 4255 ὑμῖν,
497 4179 584 4233 καὶ
626 4185 701 4251 τῷ
724 4177 862 4255 ἔργῳ
889 4180 932 4252 ᾧ
954 4177 1327 4237 ἐπεϐάλλεσθε.

404 4290 427 4321 α
493 4264 850 4330 Συλλαϐόντες
894 4266 951 4322 δὲ
976 4268 1130 4323 αὗτὸν
1174 4266 1399 4345 ἤγαγον,
1427 4269 1515 4324 καὶ
1557 4268 1842 4345 εἰσήγαγον
1890 4270 1961 4331 εἱς

316 4361 414 4426 τὴν
470 4358 635 4414 οἰκίαν
704 4368 796 4415 τοῦ
866 4359 1181 4439 ἀρχιερέως,
1219 4352 1275 4415 Ὀ
1321 4357 1374 4414 δὲ
1432 4359 1624 4428 Πέτρος
1684 4357 1961 4426 ἠκολούθει

2046 3636 2191 3699 tidie
2222 3635 2508 3697 docebam
2542 3634 2601 3695 in
2636 3635 2879 3715 templo,
2911 3645 2971 3698 et
3003 3637 3268 3700 noluistis
3299 3659 3395 3701 me
3424 3658 3696 3721 compre-

2046 3727 2336 3806 hendere,
2370 3732 2428 3785 et
2475 3743 2631 3785 nunc
2681 3724 2850 3805 quasi
2896 3725 3159 3788 latrones
3208 3729 3532 3791 invaditis:
3586 3730 3693 3791 sed

2048 3833 2252 3878 revera
2282 3813 2470 3875 noctis
2515 3813 2814 3874 attentatis
2865 3832 3065 3896 opera,
3102 3824 3159 3878 et
3208 3824 3463 3895 potestas
3502 3826 3694 3880 vestra

2049 3904 2429 3967 tenebrarum
2456 3910 2570 3965 est:
2594 3910 2771 3983 atque
2786 3903 3011 3965 idcirco
3034 3906 3183 3966 hanc
3198 3906 3402 3969 horam
3421 3907 3695 3970 observa-

2043 3995 2139 4076 tis,
2164 4012 2297 4076 quae
2317 3991 2596 4055 convenit
2617 3993 2780 4054 vobis
2805 4000 2864 4053 et
2885 3994 3077 4073 operi,
3112 4013 3229 4075 quo
3264 4014 3357 4057 me
3394 3996 3689 4060 invaditis.

2224 4086 2312 4139 καὶ
2354 4081 2438 4138 διὰ
2468 4089 2620 4138 10310
2648 4084 2896 4149 τοιαύτην
2926 4082 3075 4161 ὥραν
3107 4083 3469 4163 ἐπετηρτίσατε
3501 4086 3693 4144 οἰκείαν

2126 4260 2396 4325 νωει
2419 4258 2517 4321 62.
2535 4283 2561 4315 α
2585 4256 3096 4339 Comprehensum
3127 4269 3323 4321 autem
3348 4278 3484 4323 eum
3507 4261 3695 4324 duxe-

2043 4359 2266 4427 runt,et
2288 4347 2651 4410 induxerunt
2674 4347 2735 4407 in
2756 4347 2998 4408 domum
3025 4347 3305 4429 principis
3321 4349 3691 4412 sacerdotum

320 4446 601 4526 μακρόθεν.
678 4439 952 4522 Ἀψάντων
998 4448 1049 4503 δὲ
1086 4449 1185 4526 πῦρ
1217 4448 1270 4504 ἐν
1304 4448 1451 4524 μέσῳ
1493 4454 1593 4515 τῆς
1626 4448 1812 4521 αὖλῆς,
1873 4450 1958 4503 καὶ

2048 4442 2255 4503 Petrus
2282 4456 2418 4500 vero
2439 4436 2798 4516 sequebatur
2822 4437 3078 4497 eminus.
3107 4436 3251 4500 Cum
3265 4446 3459 4499 autem
3481 4456 3694 4499 accen-

318 4537 743 4613 ωγκαθισᾶντων
802 4540 992 4613 αὖτ’ὗν,
1056 4536 1283 4603 ἐκάθητο
1357 4536 1415 4592 δ
1457 4537 1649 4615 Πέτρος
1716 4536 1769 4591 ἐν
1814 4534 1961 4609 μέσῷ

320 4628 513 4685 αὐτῶν.
574 4622 773 4682 ἰδοῦσα
834 4625 887 4680 δὲ
966 4626 1117 4680 αὖτον
1200 4622 1453 4693 παιδίσκη
1526 4647 1604 4687 τις
1661 4626 1960 4697 καθήμενον

318 4715 446 4793 πρὸς
517 4716 579 4769 τὸ
628 4714 763 4791 φῶς,
818 4716 903 4769 καὶ
952 4713 1230 4769 ἀῑενίσκσα
1292 4718 1453 4788 αὐτῷ,
1501 4714 1649 4776 εἷπε,
1728 4714 1823 4771 Καὶ
1869 4712 1962 4768 06-

316 4825 407 4866 τος
480 4803 571 4857 σὺν
641 4806 782 4875 αὐτῷ
836 4803 924 4869 ἦν,
990 4794 1047 4857 ὐ
1121 4801 1173 4856 δὲ
1228 4801 1497 4874 ἠρνήσατο
1553 4804 1706 4858 αὐτὸν
1767 4800 1960 4878 λέγων’

320 4893 495 4970 Γύναι,
571 4894 665 4948 οὒκ
720 4889 843 4947 οῖδα
900 4891 1076 4951 αότον,
1116 4891 1209 4947 Καὶ
1238 4896 1373 4963 μετ-η
1404 4892 1576 4970 βραχὺ
1616 4890 1790 4968 ἕτερος
1841 4887 1963 4945 ἰδὼν

317 4981 472 5036 αὐτὸν
529 4978 650 5057 ἔφη*
718 4982 812 5036 Καὶ
882 4983 941 5035 σὺ
967 4978 1015 5044 ἐξ
1049 4981 1217 5034 αὖτιῦν
1252 4979 1329 5041 εἶ.
1381 4971 1437 5037 Ὀ
1472 4979 1525 5035 δὲ
1561 4980 1750 5057 Πέτρος
1782 4983 1957 5035 εἶπεν*

318 5068 638 5146 ’Άνθρωπς
673 5070 766 5124 οὒκ
796 5070 922 5143 εἰμί,
958 5067 1061 5128 Καὶ
1094 5066 1380 5134 διαστάσης
1425 5070 1550 5154 ῲσεὶ
1604 5068 1740 5147 ὥρας
1811 5075 1957 5143 μιᾶς,

317 5156 477 5221 α’λληις
528 5178 609 5219 τις
682 5154 1029 5235 διισχυρίζετο
1061 5155 1251 5232 λέγων.
1290 5155 1409 5213 Ἐπ’
1452 5154 1725 5230 ἀληθείας,
1761 5159 1846 5213 καὶ
1877 5161 1962 5213 οὗ·

315 5268 403 5311 τος
463 5242 579 5320 μετ’
654 5245 809 5301 αὺτοῦ
838 5246 924 5313 ἦν’
973 5248 1057 5302 καὶ
1119 5248 1217 5323 γὰρ
1276 5244 1560 5312 Γαλιλαῖός
1590 5246 1755 5309 ἐστιν,
1818 5247 1957 5303 Εἶπε

315 5335 366 5392 δὲ
413 5338 440 5392 ὁ
488 5334 704 5410 Πέτρος⁹
770 5334 1085 5414 ’¹Ανθρωπε,
1162 5338 1254 5391 οὐκ
1284 5333 1404 5391 οἴδα
1437 5334 1464 5389 ὅ
1496 5334 1695 5413 λέγεις.
1731 5338 1827 5393 Καὶ
1856 5358 1959 5392 παι

316 5430 573 5505 ραχρῆμα
606 5423 681 5479 ἔτι
749 5423 1035 5487 λαλοῦντος
1095 5425 1271 5503 αὐτοῦ,
1306 5422 1576 5504 ἐφώνησεν
1608 5428 1635 5481 ὁ
1691 5422 1952 5503 ἀλέκτωρ,

319 5518 415 5574 Καὶ
472 5515 713 5594 στραφεὶς
772 5515 801 5570 δ
874 5515 1057 5593 Κύριος
1090 5512 1338 5589 ἐνέϐλεψε
1370 5517 1446 5587 τῷ
1492 5513 1695 5595 Πέτρῳ,
1736 5515 1824 5570 καὶ
1848 5515 1954 5570 ὺπ-

313 5603 549 5676 εμνήσθη
600 5604 627 5658 ὁ
696 5601 888 5681 Πέτρος
955 5611 1047 5659 106
1090 5603 1248 5681 λόγου
1279 5608 1371 5659 106
1406 5604 1611 5681 Κυρίου,
1673 5605 1747 5667 ὡς
1804 5605 1957 5660 εἶπεν

314 5695 478 5772 αὐτῷ,
538 5692 617 5747 ὃτι
678 5694 803 5771 Πρὶν
866 5691 1123 5773 ἀλέκτορα
1182 5692 1444 5773 φωνῆσαι,
1496 5694 1701 5772 ἀρνήσῃ
1734 5713 1800 5770 με
1819 5694 1953 5773 τρίς,

979 4585 992 4613 Ἰ

2046 4529 2275 4591 dissent
2306 4527 2501 4605 ignem
2527 4526 2583 4587 in
2617 4525 2813 4586 medio
2844 4526 3015 4601 aulae,
3048 4535 3225 4607 atque
3252 4544 3367 4587 una
3383 4526 3693 4589 consedis-

2044 4626 2199 4691 sent,
2225 4616 2378 4679 sedit
2403 4624 2459 4676 et
2484 4618 2692 4677 Petrus
2715 4615 2869 4675 inter
2892 4613 3050 4677 illos.
3078 4614 3263 4687 Quem
3288 4634 3422 4676 cum
3456 4615 3697 4678 vidisset

2045 4706 2255 4768 ancilla
2279 4704 2545 4787 quaedam
2572 4704 2878 4766 sedentem
2900 4703 2971 4763 ad
2990 4703 3428 4779 lumen,defixis
3448 4704 3507 4765 in
3524 4704 3692 4768 illum

2047 4795 2260 4869 oculis,
2286 4795 2430 4856 dixit
2459 4812 2472 4856 :
2509 4792 2577 4855 Et
2596 4792 2694 4855 hic
2714 4811 2846 4854 cum
2873 4791 2974 4853 illo
2997 4798 3145 4856 erat.
3168 4795 3241 4854 At
3265 4793 3364 4855 ille
3386 4793 3696 4872 abnegavit

2046 4883 2421 4964 eum,dicens
2448 4903 2462 4943 :
2500 4882 2865 4962 Mulier,non
2890 4881 3023 4943 novi
3054 4881 3322 4944 illum.Et
3346 4894 3476 4964 post
3501 4882 3691 4963 pusil-

2043 4974 2165 5035 lum
2190 4972 2342 5032 alius
2370 4971 2579 5031 videns
2600 4990 2734 5032 eum
2759 4970 2929 5052 dixit,
2960 4970 3029 5032 Et
3056 4981 3112 5032 tu
3138 4971 3212 5034 de
3234 4972 3349 5032 illis
3367 4990 3454 5034 es.
3485 4971 3691 5035 l’etrus

2045 5080 2181 5123 vero
2212 5062 2334 5123 ait:
2369 5059 2583 5129 Homo.
2619 5078 2738 5121 non
2770 5079 2924 5123 sum.
2950 5059 3021 5121 Et
3050 5060 3358 5122 intervallo
3381 5061 3690 5140 interjecto

2042 5153 2165 5213 fere
2198 5152 2356 5211 horae
2388 5149 2590 5230 unius,
2624 5149 2777 5211 alius
2796 5148 3033 5229 quidam
3062 5150 3415 5231 afﬁrmabat,
3442 5152 3644 5212 dicens
3671 5171 3685 5213 :

2042 5241 2197 5305 Vere
2218 5250 2280 5300 et.
2318 5239 2413 5301 hic
2436 5258 2571 5300 cum
2608 5238 2706 5299 illo
2739 5248 2885 5311 erat,
2917 5258 3051 5299 nam
3086 5248 3143 5299 et
3173 5238 3446 5302 Galilaeus
3476 5246 3586 5304 est.
3619 5239 3692 5303 Et

2040 5331 2120 5392 ait
2147 5332 2390 5392 Petrus:
2425 5325 2639 5402 Homo,
2678 5328 2875 5389 nescio
2903 5326 3043 5408 quid
3086 5326 3273 5393 dicas.
3306 5328 3376 5390 Et
3404 5328 3686 5389 continuo

2038 5419 2232 5483 adhuc
2260 5416 2360 5478 illo
2394 5418 2669 5495 loquente
2718 5415 2937 5477 cecinit
2984 5415 3198 5495 gallus.
3254 5422 3327 5482 Et
3369 5435 3689 5480 conversus

2040 5509 2331 5572 Dominus
2362 5505 2609 5566 intuitus
2640 5513 2730 5567 est
2759 5507 3024 5580 Petrum,
3058 5505 3198 5567 478
3238 5519 3297 5573 et
3340 5508 3689 5571 recordatus

2040 5606 2131 5664 est
2165 5600 2368 5659 Petrus
2400 5592 2584 5657 Verbi
2631 5592 2894 5666 Domini.
2944 5596 3242 5677 quomodo
3290 5596 3517 5664 dixerat
3546 5596 3684 5679 ipsi.

2041 5689 2389 5778 Priusquam
2417 5683 2603 5763 gallus
2652 5683 2959 5769 cecinerit,
3009 5692 3101 5752 ter
3148 5705 3244 5754 me
3292 5687 3562 5771 negabis.
3617 5686 3689 5752 Et
