4140 6280
3756 268 3872 337 ιοςῖ

3406 415 3788 496 διαστρέφοντα
3834 413 3877 465 τὸ

502 287 651 356 1091
1470 282 2065 350 THEOPHYLACTI
2114 278 2524 346 BULGARI/E
2568 282 2921 346 ARCHIEP.

508 421 677 483 illum
728 437 1032 496 accusare,
1088 419 1400 482 dicentes:
1436 419 1608 481 Hunc
1658 417 2187 498 deprehendimus.

2267 424 2401 479 ιῦτοῦ
2454 419 2716 499 λέγοντες⁸
2806 427 2999 478 Τυὺτον
3087 418 3300 498 εὗρομεν

514 516 878 572 evertentem
899 517 1160 587 gentem,
1191 527 1257 569 ac
1292 516 1590 570 vetantem
1616 506 1832 568 tributa
1862 507 2005 569 dare
2036 508 2167 570 Ca3-

2267 509 2418 585 ἔθνος,
2475 513 2560 567 καὶ
2609 508 2876 566 κωλύοντο
2937 510 3150 586 Καίσαρι
3188 510 3375 587 φόρους
3404 505 3632 573 διδόναι,
3689 502 3877 580 λέγοντι

510 596 982 679 sari,dicentem
1038 615 1100 656 se
1148 596 1445 658 Christum
1502 613 1702 674 regem
1744 614 1897 655 esse.
1956 595 2168 656 Pilatus

2267 600 2436 655 ἑαυτὸν
2494 601 2722 677 Χριστὸν
2779 597 3000 675 βασιλέα
3059 598 3232 655 εἶναι.
3294 587 3351 654 Ὀ
3409 595 3462 650 δὲ
3517 590 3878 679 Πιλάτοςίπ·

514 678 709 750 autem
752 685 1142 764 interrogavit
1184 704 1343 759 eum,
1382 684 1631 746 dicens:
1686 684 1773 745 Tu
1804 704 1867 745 es
1920 684 2018 745 ille
2067 703 2169 745 rex

2267 688 2529 765 νιρώτησεν
2571 688 2727 744 αὐτὸν
2781 687 2976 765 λέγων·
3035 689 3105 742 Σύ
3158 687 3212 742 εἷ
3246 688 3273 742 6
3306 684 3555 761 βασιλεὺς
3603 688 3713 739 τῶν
3768 678 3878 765 Ἰουο

512 773 887 841 Judaaorum?
911 778 985 834 At
1021 774 1121 834 ille
1166 774 1533 853 respondens
1565 774 1674 846 illi,
1717 774 1839 834 ait:
1875 772 1959 833 Tu
1993 774 2163 833 dicis.
2251 774 2405 833 δαίων
2444 823 2456 835 .

522 865 620 929 Ait
651 873 847 927 autem
883 862 1101 923 Pilatus
1122 865 1189 923 ad
1222 863 1518 940 principes
1562 864 1931 923 sacerdotum
1958 872 2012 921 et
2040 873 2162 923 tur-

524 957 649 1017 bas:
679 952 831 1013 Nihil
854 952 1089 1012 invenio
1116 969 1283 1012 noxaz
1303 951 1359 1011 in
1382 952 1493 1012 hoc
1521 952 1873 1013 homine.At
1896 952 1978 1011 illi
1999 952 2169 1012 inva-

524 1041 1126 1105 lescebantdicentes
1174 1062 1186 1102 :
1238 1042 1580 1101 Commovet
1613 1040 1894 1120 populum
1948 1041 2171 1102 docens

2267 1045 2508 1121 ἐπίσχυον
2591 1042 2863 1121 λέγοντες,
2913 1041 2991 1097 ὅτι
3025 1040 3282 1098 Ἀνασείει
3345 1042 3435 1096 τὸν
3485 1040 3619 1095 λαὸν
3652 1034 3879 1093 διδάσκων

529 1149 635 1213 per
653 1130 987 1191 universam
1013 1130 1555 1205 Judaeam,exorsus
1575 1149 1606 1190 a
1637 1128 1874 1191 Galilaza
1890 1149 2078 1208 usque
2098 1131 2167 1191 ad

2267 1132 2370 1186 ιαθ¹
2428 1131 2561 1199 ὅλης
2606 1133 2705 1199 τῆς
2781 1122 3027 1193 ἰουδαίας
3100 1128 3386 1205 ἀρξάμενος
3444 1130 3549 1184 ἀπὸ
3597 1128 3701 1195 τῆς
3744 1123 3879 1179 Γαλι-

524 1212 683 1283 hunc
706 1221 926 1279 locum.
956 1218 1307 1280 )Manifeste
1352 1218 1581 1278 veritati
1622 1220 2028 1280 adversantur.
2061 1217 2173 1281 Ubi

2267 1222 2405 1285 λαίας
2463 1221 2563 1286 ἕως
2618 1220 2741 1283 ὧδε.
2810 1244 2832 1276 ι
2884 1213 3187 1298 Προφανῶς
3245 1220 3612 1275 ἀναντιοῦνται
3653 1222 3723 1291 τῇ
3766 1212 3879 1275 ἀλη-

535 1310 693 1371 enim
730 1307 1027 1387 prohibuit
1046 1304 1220 1369 Jesus
1248 1306 1460 1367 tributa
1485 1307 1740 1386 dari,qui
1767 1317 1827 1366 ut
1857 1307 2053 1367 debita
2077 1327 2174 1386 po-

2267 1310 2389 1382 iez’q.
2449 1315 2556 1369 Ποῦ
2610 1310 2709 1387 γὰρ
2769 1307 3032 1364 ἒκώλυσεν
3092 1310 3119 1363 6
3193 1308 3397 1374 Ἰησοῦς
3456 1307 3654 1387 φόρους
3687 1302 3880 1369 διδόναι,

534 1399 649 1460 tius
671 1395 839 1456 reddi
859 1397 1251 1475 praecepit,sic
1273 1397 1497 1463 (licens,
1514 1396 2026 1457 uBedditeCazsari
2047 1415 2178 1476 quas

2267 1397 2391 1454 ὅπου
2449 1420 2509 1477 γε
2565 1398 2769 1473 μᾶλλον
2815 1401 2888 1462 ὡς
2965 1397 3124 1478 χρέος
3223 1395 3523 1453 ἀποδιδόναι
3613 1392 3882 1465 ἐκέλευσεν,

532 1487 776 1549 Caesaris
799 1494 936 1545 sunt
955 1484 1010 1546 ἲ»
1023 1484 1330 1556 Quomodo
1349 1495 1542 1545 autem
1569 1496 1900 1546 commovet
1920 1485 2178 1547 turbam?

2267 1486 2427 1550 οὕτως
2500 1490 2686 1561 εἰπὼν,
2722 1512 2747 1540 α
2811 1485 3064 1543 Ἀπόδοτε
3120 1486 3186 1541 τὰ
3248 1486 3508 1563 Καίσαρος
3573 1484 3791 1557 Καίσαρι
3823 1496 3879 1551 ς»

2534 768 2589 834 Ὀ
2660 774 2713 831 δὲ
2774 758 3067 852 ἀποκριθεὶς
3125 777 3266 847 αὒτῴ
3306 758 3434 853 ἔφη·
3487 774 3562 827 Σὺ
3614 770 3807 847 λὲγεις.
3837 758 3879 821 ε0

2252 864 2305 921 δὲ
2337 864 2571 928 Πιλάτος
2601 881 2722 921 εῖπε
2753 867 2884 943 πρὸς
2929 865 3049 925 τοὺς
3078 864 3352 942 ἀρχιερεῖς
3382 864 3469 918 καὶ
3518 862 3652 923 τοὺς
3685 856 3878 937 ὄχλους

2253 951 2378 1009 οόδλ
2498 954 2572 975 τ’
2778 952 2803 974 ’ν
3005 952 3350 1008 ἐ”’θ’
3558 952 3571 971 ν
3744 943 3878 1004 σθἓ

2296 979 2303 992 ε
2358 979 2410 1008 εν
2468 975 2687 1031 ευρισκω
2746 976 2917 1010 αιτιον
3033 976 3058 1006 ν
3087 974 3163 1027 τῳ
3193 975 3255 1007 αν
3288 974 3450 1031 ρωπῳ
3479 972 3683 1021 τουτῳ.
3787 966 3799 1000 ι
3844 979 3879 998 δ-

536 1574 801 1656 nunquid
837 1584 897 1634 ut
928 1593 1110 1652 regna
1153 1574 1488 1635 invadens?
1522 1574 1639 1636 Sed
1686 1574 2040 1636 incredibile
2071 1577 2183 1636 hoc

2267 1583 2385 1640 Πῶς
2438 1575 2492 1631 δὲ
2554 1576 2782 1632 ἀνασείει
2812 1578 2903 1631 τὸν
2946 1573 3112 1654 ὄχλον
3144 1593 3160 1654 ς
3188 1562 3299 1652 Ἆρ’
3343 1562 3703 1649 ὼςίβασιλεία
3720 1572 3885 1648 ὲγχει-

532 1665 830 1738 omnibus,
860 1681 993 1723 nam
1017 1681 1148 1723 cum
1177 1664 1511 1739 agnovisset
1541 1665 1693 1743 quod
1733 1668 1984 1742 populus
2011 1664 2184 1727 vellet

2267 1671 2420 1744 ρῶν;
2481 1664 2632 1721 Ἀλλ’
2692 1665 2942 1721 ἀπίθανον
2998 1671 3153 1720 τοῦτο
3201 1664 3527 1720 παντάπασι⁸
3590 1663 3683 1717 καὶ
3720 1658 3885 1735 βουλο-

535 1755 726 1834 ipsum
747 1770 945 1830 regem
971 1752 1469 1823 facere,secessit:
1494 1752 1647 1811 unde
1664 1760 1719 1812 et
1735 1752 1951 1812 Pilatus
1973 1752 2183 1832 depre-

2267 1753 2427 1829 μὲνου
2511 1754 2610 1831 γὰρ
2692 1756 2846 1811 ατὶτὸν
2930 1760 3020 1807 τοῦ
3103 1749 3335 1819 πλήθους
3390 1750 3617 1826 βασιλέα
3669 1747 3883 1821 ποιῆσαι,

536 1832 807 1905 bendens
835 1840 1076 1901 illorum
1111 1841 1575 1921 sycophantiam,
1613 1841 1863 1901 fatetur:
1900 1865 1922 1897 α
1951 1840 2179 1902 Nullam

2267 1844 2419 1920 γνοὸς
2490 1842 2853 1922 ἀνεχώρησεν.
2890 1832 3056 1899 υΟθεν
3082 1841 3170 1897 καὶ
3227 1838 3455 1902 Πιλάτος
3498 1839 3550 1894 ἐν
3610 1834 3882 1922 καταλήψει

2265 1936 2364 1997 τῆς
2422 1921 2769 2010 συκοφαντίας
2839 1930 3147 2009 γενόμενος,
3221 1927 3506 2005 ὁμολογεῖ,
3553 1926 3636 1982 ὅτι
3694 1948 3721 1978 α
3754 1921 3885 2010 Οῶξν

2267 2019 2487 2097 εὑρίσκω
2566 2008 2745 2076 αἴτιον
2795 2008 2862 2075 ἂν
2920 2023 2996 2091 τῷ
3024 2017 3281 2095 ἀνθρώπῳ
3323 2018 3518 2090 τούτῳ.
3560 2039 3586 2073 ο
3643 2025 3797 2070 Δοκεῖ
3842 2008 3883 2063 δέ

2269 2130 2361 2183 μοι
2404 2110 2491 2164 καὶ
2542 2106 2673 2175 αὕτη
2731 2111 2764 2175 ἡ
2824 2108 3105 2186 ἐρώτησις,
3138 2106 3202 2173 ἦν
3233 2120 3465 2162 ποιεῖται
3498 2107 3633 2184 πρὸς
3666 2106 3749 2158 τὸν
3778 2107 3884 2177 Χρι-

2273 2199 2417 2276 στὸν,
2478 2196 2561 2253 ἐπὶ
2618 2196 2946 2274 καταγέλωτι
3003 2196 3098 2263 τῆς
3166 2196 3512 2274 συκοφαντίας
3573 2194 3737 2249 εἶναι.
3790 2196 3884 2243 Μυ-

2269 2287 2499 2364 γτηρίζει
2562 2286 2661 2365 γὰρ
2727 2288 2788 2342 τὸ
2838 2292 3057 2363 πρᾶγμα
3115 2283 3308 2362 λέγων’
3346 2304 3374 2339 ι
3414 2284 3484 2338 Σὺ
3517 2284 3573 2339 εἴ
3607 2283 3640 2338 ὅ
3670 2280 3883 2357 βασιλεὺς

2269 2377 2376 2430 τῶν
2443 2372 2756 2446 Ἰουδαίων;
2825 2394 2853 2433 (
2912 2375 3198 2452 μονονουχὶ
3258 2380 3410 2429 τοῦτο
3482 2372 3679 2449 λέγων·
3750 2369 3814 2423 Σὺ
3860 2368 3881 2419 ὁ

2274 2463 2467 2538 πένης,
2524 2466 2553 2520 6
2608 2461 2847 2543 εὐτελὴς,
2906 2465 2934 2519 ὃ
2995 2465 3213 2540 Ῥμνὸς,
3246 2465 3273 2517 6
3304 2459 3603 2531 ἀϐοήθητος
3647 2459 3885 2533 κατηγορῇ

2275 2554 2360 2609 ἐπὶ
2428 2559 2506 2625 τῷ
2558 2551 2828 2627 βασιλείαις
2888 2552 3115 2631 ἐφίεσθαι
3153 2572 3169 2626 ;
3202 2558 3366 2607 Τοῦτο
3417 2550 3468 2605 δὲ
3514 2544 3879 2626 καταγελῶντές

2277 2642 2441 2714 ἐστιν,
2501 2645 2574 2704 ὡς
2650 2642 2876 2721 ἔφημεν,
2936 2648 3042 2696 τῶν
3111 2649 3271 2698 ταῦτα
3346 2640 3771 2718 κατηγορούντων
3808 2640 3878 2688 τοῦ

2281 2727 2294 2749 9
2428 2736 2451 2745 -ι
2544 2730 2566 2749 n
2700 2732 2713 2749 ε
2843 2729 2867 2749 υ
3082 2731 3097 2752 ν
3205 2735 3230 2745 -
3388 2730 3403 2751 κ
3595 2730 3609 2744 κ
3807 2724 3817 2740 ι

2302 2740 2478 2803 ιησου,
2541 2751 2621 2785 οτι
2665 2751 2756 2785 τον
2812 2751 2977 2792 ουτως
3051 2728 3259 2808 ευτελη,
3316 2752 3405 2785 και
3448 2751 3674 2806 γυμνον,
3701 2742 3874 2790 totum

2278 2819 2548 2897 πράγματι
2622 2818 2919 2898 ἐπιχειρεῖν
2990 2817 3330 2893 πλάττονται,
3392 2817 3610 2874 πολλῶν
3692 2810 3867 2885 δεομένῳ

2279 2910 2366 2965 καὶ
2422 2909 2718 2986 χρημάτων
2774 2910 2860 2964 καὶ
2909 2908 3220 2986 ἐπικούρων,
3283 2909 3342 2965 Οἱ
3412 2906 3467 2962 δὲ
3499 2906 3674 2982 μηδὲν
3705 2903 3864 2982 ἔχοντες

2280 2997 2411 3054 ἄλλο
2464 3000 2594 3076 πρὸς
2642 2999 2737 3065 τὴν
2808 2998 3151 3076 συκοφαντίαν
3208 2999 3480 3073 βοήθημα,
3538 3009 3664 3058 ταῖς
3715 2999 3876 3071 φωναῖς

2214 3063 2254 3113 C
2280 3093 2517 3168 χρῶνται
2568 3088 2698 3167 πρὸς
2750 3088 3045 3167 συνεργίαν,
3115 3088 3201 3142 καὶ
3272 3087 3560 3164 κεκράγασι
3620 3084 3744 3141 κατὰ
3809 3080 3880 3135 τοῦ

553 3175 792 3239 Galilaaa
811 3175 1053 3253 incepit,
1082 3183 1140 3236 et
1171 3174 1439 3255 pervenit
1469 3175 1914 3256 bucusque,per
1942 3176 2187 3237 mediam

2281 3184 2412 3233 Θεοῦ
2468 3175 2661 3255 Λόγου.
2737 3173 2992 3232 Ἀνασείει
3057 3176 3179 3254 γὰρ,
3238 3176 3390 3253 φησὶ,
3439 3174 3727 3249 τουτέστιν,
3774 3169 3879 3256 ἀνα·

549 3264 814 3326 Judzeam
866 3262 1183 3325 transiens.
1234 3261 1362 3324 Non
1408 3265 1758 3341 simpliciter
1805 3275 1999 3326 autem
2057 3266 2187 3326 mihi

2277 3277 2463 3322 στατεϊ
2514 3268 2603 3322 τὸν
2673 3265 2823 3338 λαὸν,
2870 3266 2958 3321 καὶ
2987 3266 3079 3321 οὒκ
3105 3267 3161 3320 ἓν
3193 3264 3264 3320 ἐνὶ
3294 3264 3462 3340 μέρει,
3510 3262 3636 3319 ἀλλ’
3691 3260 3781 3316 ἀπὸ
3805 3255 3881 3330 μὲι

548 3353 831 3413 videntur
886 3351 1230 3412 meminisse
1282 3353 1557 3429 Galilazae,
1621 3353 1723 3413 sed
1786 3354 1844 3413 in
1906 3362 2187 3415 terrorem

2278 3355 2374 3422 τῆς
2433 3354 2713 3419 Γαλιλαίας
2770 3354 2981 3427 ἤρξατο,
3038 3353 3227 3432 ἔφθασε
3252 3351 3306 3408 δὲ
3365 3352 3466 3414 ἕως
3495 3351 3624 3421 ὦδε,
3680 3349 3753 3405 διὰ
3800 3343 3880 3418 μέ-

551 3437 827 3501 Pilati95.
861 3437 1005 3499 Nam
1039 3439 1261 3501 Galilzei
1294 3458 1530 3519 semper
1558 3441 1847 3521 seditiosi,
1873 3460 2187 3521 rerumque

2279 3466 2379 3511 σης
2427 3446 2525 3510 τῆς
2586 3443 2834 3507 Ἰουδαίας
2891 3441 3128 3504 διελθών,
3190 3444 3304 3522 Οὐχ
3348 3440 3531 3506 ἁπλῶς
3588 3441 3641 3497 δέ
3693 3459 3772 3515 μοι
3808 3432 3881 3488 δο-

552 3537 864 3589 novatores
915 3527 1104 3605 fuere,
1155 3528 1345 3607 qualis
1399 3537 1526 3590 erat
1581 3538 1638 3590 et
1664 3529 1847 3591 Iudas
1895 3530 2187 3605 Galilzeus,

2280 3540 2427 3591 κοῦσι
2477 3535 2774 3609 μεμνῆσθαι
2832 3536 2931 3599 τῆς
2976 3531 3280 3605 Γαλιλαίας,
3341 3529 3461 3586 ἀλλ’
3531 3533 3607 3595 εἰς
3637 3526 3780 3609 φόϐον
3812 3523 3882 3577 τὸν

548 3616 719 3695 cujus
741 3615 1041 3676 recordari
1060 3615 1282 3677 faciunt
1305 3617 1581 3692 Pilatum,
1610 3619 1776 3697 quasi
1797 3619 1876 3680 ita
1898 3620 2187 3681 dicentes:

2282 3621 2510 3681 Πιλάτον
2566 3621 2871 3687 ἐνσείοντες.
2924 3622 3020 3679 Καὶ
3063 3622 3162 3699 γὰρ
3233 3623 3281 3677 οἱ
3334 3618 3614 3676 Γαλιλαῖοι
3695 3620 3882 3673 τοιοῦτοι

550 3706 777 3784 Cogita,
816 3722 1056 3783 praeses,
1083 3704 1292 3766 ludam
1327 3705 1657 3782 Galilaeam,
1695 3708 1792 3787 qui
1815 3709 2059 3770 multum
2086 3726 2187 3770 ηε·

2282 3710 2386 3791 ἀεὶ,
2472 3712 2800 3791 στασιασταὶ,
2902 3712 2988 3766 καὶ
3061 3722 3439 3786 νεωτερισμοῖς
3499 3707 3876 3789 ἐπιχειροῦντι(

551 3795 696 3875 gotii
724 3792 863 3855 fecit
882 3793 1344 3867 Romanis,facta
1365 3813 1483 3855 non
1508 3814 1683 3874 parva
1701 3797 1994 3858 seditione
2019 3816 2187 3877 popu-

2282 3804 2397 3863 οἷος
2470 3801 2557 3856 καὶ
2614 3796 2809 3862 Ἰούδας
2867 3801 2894 3855 6
2955 3798 3265 3861 Γαλιλαῖος⁶
3340 3799 3401 3854 οὗ
3484 3799 3574 3853 καὶ
3606 3799 3674 3862 εὶς
3702 3792 3882 3869 μνῆμηκ

555 3884 594 3945 li
625 3904 639 3945 ε
678 3882 811 3943 talis
841 3892 904 3943 et
933 3881 1029 3943 hic
1060 3890 1169 3955 est,
1205 3901 1383 3962 quem
1415 3893 1649 3964 Oportet
1678 3903 1712 3947 e
1742 3887 1939 3948 medio
1963 3887 2187 3949 tollere.

2279 3887 2534 3963 ἐμϐαλεῖν
2590 3887 2791 3945 ἐοίκασι
2837 3889 2930 3944 τὸν
2994 3886 3245 3963 Πιλάτον,
3304 3887 3595 3967 μονονουχὶ
3636 3887 3773 3942 τοῦτο
3808 3877 3871 3933 λέ·

550 3994 733 4053 γονεῖς
768 3992 785 4010 ·
819 3970 1184 4051 Ἀναλόγισλι,
1217 3972 1459 4049 ἡγεμὼν,
1485 3976 1574 4030 to;
1606 3974 1899 4033 Γαλιλαῖον
1931 3975 2155 4056 Ἰούδαν,
2187 3978 2245 4041 ὃς
2272 3975 2444 4034 πολλὰ
2473 3978 2761 4056 πράγματα
2797 3968 3076 4053 ιῬωμαίοις
3107 3976 3398 4055 παρέσχεν,
3426 3974 3786 4032 ἀναστατώσας
3810 3970 3882 4024 οὒκ

552 4062 730 4140 ὀλίγον
775 4060 931 4139 μέρος
960 4068 1051 4117 τοῦ
1082 4060 1232 4118 λαοῦ.
1282 4071 1525 4126 Τοιοῦτος
1568 4067 1653 4120 καὶ
1679 4073 1848 4139 οὗτος,
1886 4067 1942 4121 ὃν
1976 4065 2058 4122 δεῖ
2086 4067 2146 4122 ἐκ
2173 4063 2350 4123 ποδῶν
2381 4070 2669 4125 ποιεῖσθαι.

636 4152 822 4213 VERS.
856 4148 1033 4215 6-27.
1075 4174 1101 4205 α
1137 4150 1356 4211 Pilatus
1398 4160 1594 4215 autem
1637 4154 1838 4215 audita
1888 4155 2187 4216 mentione

2363 4178 2388 4211 α
2428 4147 2484 4213 Ὀ
2532 4158 2618 4212 οὗν
2648 4154 2876 4219 Πιλάτος
2921 4156 3149 4218 ἀκούσας
3210 4153 3518 4228 Γαλιλαίαν,
3578 4152 3882 4232 ἐπηρώτησεν

556 4239 832 4315 Galilaare,
886 4240 1267 4318 interrogavit
1316 4259 1455 4303 num
1508 4242 1683 4303 homo
1726 4244 2003 4306 Galilazus
2057 4244 2187 4305 481

2280 4245 2325 4301 εἰ
2381 4247 2409 4300 6
2461 4243 2729 4323 ἅνθρωπος
2787 4243 3072 4310 Γαλιλαῖός
3140 4246 3276 4323 εστι,
3365 4244 3447 4299 καὶ
3480 4242 3721 4320 ἐπιγνοὺς
3748 4236 3813 4292 ὅτι
3837 4232 3881 4323 ἐκ

558 4337 758 4391 esset:
792 4336 850 4389 et
883 4337 943 4389 ut
973 4329 1243 4405 cognovit
1291 4329 1448 4408 quod
1493 4330 1565 4391 ad
1606 4331 1860 4393 Herodis
1911 4332 2187 4395 ditionem

2281 4338 2378 4399 τῆς
2406 4322 2640 4399 ἔξουσίας
2693 4326 2923 4413 Ἡρώδου
2975 4333 3135 4413 ἐστὶν,
3195 4322 3501 4413 ἀνέπεμψεν
3572 4332 3723 4389 αὐτὸν
3781 4322 3881 4413 πρρς

558 4418 906 4498 pertineret,
939 4417 1171 4478 remisit
1201 4437 1335 4479 eum
1366 4418 1439 4479 ad
1472 4416 1796 4493 Herodem,
1832 4421 1933 4501 qui
1979 4430 2037 4482 et
2074 4423 2187 4503 ipse

2286 4413 2549 4499 Ἡρώδην,
2596 4422 2720 4479 ὅντα
2762 4408 2856 4478 ,καὶ
2926 4421 3083 4478 αὐτὸν
3121 4408 3205 4476 ⁷ἒν
3255 4412 3640 4499 Ἱεροσολύμοις
3667 4419 3717 4473 ἐν
3779 4408 3881 4467 ταύ-

559 4505 992 4585 Hierosolymis
1023 4515 1149 4567 erat
1182 4526 1286 4586 per
1318 4510 1370 4569 id
1406 4516 1660 4588 tempus.
1695 4506 1962 4571 Herodes
2003 4501 2187 4573 autem

2286 4533 2401 4574 ταις
2469 4524 2592 4576 ταῖς
2649 4511 2873 4590 ἡμέραις
2965 4503 3022 4568 (Ο
3053 4509 3107 4566 δὲ
3142 4501 3381 4588 Ἡρώδης
3410 4507 3532 4564 ἰδὼν
3561 4510 3655 4564 τὸν
3700 4504 3882 4590 Ἰησσῖῖν,

558 4598 680 4656 viso
710 4598 849 4658 Jesu
880 4597 1111 4674 gavisus
1138 4606 1225 4657 est
1245 4597 1432 4657 valde.
1470 4597 1810 4660 Tenebatur
1832 4601 1992 4661 enim
2020 4600 2187 4661 multi

2287 4600 2461 4680 ἐχάρη
2532 4598 2671 4659 λίαν.
2730 4588 2827 4656 Ἠν
2910 4600 3009 4678 γὰρ
3052 4597 3217 4655 θέλων
3249 4597 3300 4663 ἐξ
3334 4598 3514 4653 ἱκανοῦ
3559 4595 3691 4654 ἰδεῖν
3746 4588 3880 4662 crimini,

552 4686 676 4764 jam
693 4692 958 4763 tempore
972 4685 1296 4765 cupiditate
1318 4686 1553 4748 videndi
1572 4687 1840 4761 illum,eo
1864 4690 2017 4767 quod
2041 4690 2187 4751 audi

2289 4690 2370 4746 διὰ
2428 4692 2489 4746 τὸ
2538 4690 2745 4747 ἀκούειν
2802 4687 2975 4747 πολλὰ
3032 4689 3149 4767 περὶ
3202 4687 3385 4760 αὐτοῦ,
3457 4688 3545 4742 καὶ
3610 4680 3783 4753 ἢλπιζέ

558 4760 651 4834 ret
682 4760 864 4835 multa
892 4773 967 4834 de
991 4760 1085 4853 eo,
1110 4782 1168 4835 et
1188 4776 1467 4855 Sperabat
1495 4793 1559 4835 se
1590 4760 1821 4854 signum
1854 4760 2090 4858 aliquod
2114 4778 2187 4839 vi-

2291 4792 2522 4854 σημεῖον
2562 4776 2691 4835 ἰδεῖν
2763 4777 2853 4834 ὑπ’
2911 4779 3068 4834 αὐτοῦ
3103 4760 3113 4767 ’
3148 4776 3446 4855 γινόμενον,
3511 4772 3781 4853 Ἐπηρώτα
3844 4760 3882 4815 δὲ

560 4880 761 4923 surum
781 4861 854 4923 ab
875 4880 945 4923 eo
970 4862 1123 4925 ﬁeri.
1156 4864 1567 4942 Interrogabat
1596 4874 1792 4926 autem
1836 4884 1968 4927 cum
2005 4866 2187 4929 multi:

2291 4867 2447 4923 αὐτὸν
2519 4867 2572 4923 ἐν
2643 4866 2821 4945 λόγοις
2878 4867 3105 4930 ἱκανοῖς·
3159 4866 3312 4929 αὐτὸς
3342 4862 3396 4920 δὲ
3426 4861 3571 4922 οὐδὲν
3614 4858 3881 4935 ἀπεκρίνατο

563 4951 971 5015 sermonibus:
996 4962 1054 5013 at
1082 4952 1210 5031 ipse
1233 4952 1382 5013 nihil
1419 4954 1505 5014 illi
1536 4954 2182 5035 respondebat.Staban

2290 4961 2456 5032 αὐτῷ.
2526 4958 2871 5026 Εἷστήκεισαν
2902 4952 2955 5010 δὲ
2985 4956 3032 5009 οἱ
3088 4954 3362 5033 ἀρχιερεῖς
3411 4954 3497 5009 καὶ
3543 4954 3589 5007 οἱ
3676 4956 3885 5028 Γραμμα-

561 5049 756 5102 autem
817 5040 1120 5122 principes
1177 5043 1557 5106 sacerdotum
1615 5034 1674 5106 et
1730 5042 1953 5106 Scribae
1994 5046 2187 5107 acrilel

2289 5060 2406 5109 τεῖς
2504 5045 2727 5108 εὐτόνως
2809 5050 3225 5123 κατηγοροῦντες
3284 5042 3464 5104 αὐτοῦ,
3553 5034 3882 5123 Ἐξουθενῆσὲ(

562 5138 908 5191 accusantes
929 5129 1338 5211 eum.Sprevit
1367 5142 1564 5194 autem
1597 5133 1766 5196 illum
1796 5134 2056 5195 Herodes
2072 5153 2187 5196 cun

2291 5135 2345 5192 δὲ
2417 5135 2571 5192 αὐτόν
2601 5137 2628 5190 6
2661 5126 2897 5212 Ἡρώδης
2965 5134 3056 5188 σὺν
3120 5145 3237 5195 τοῖς
3313 5131 3692 5210 στρατεύμασιν
3744 5122 3883 5212 σῦτρῧν

562 5218 928 5282 exercitibus
954 5220 1076 5281 suis
1108 5240 1121 5280 :
1148 5209 1422 5299 cumque
1444 5221 2023 5301 illusisset,indutum
2049 5230 2187 5286 vesti

2289 5226 2376 5283 καὶ
2436 5209 2736 5300 ἐμπαίξας,
2792 5220 3088 5302 περιϐαλὼν
3164 5222 3305 5292 αύτῷ
3383 5209 3583 5286 ἐσθῆτα
3664 5209 3883 5302 λαμπρᾶνε

563 5308 872 5389 splendida
905 5308 1140 5370 remisit
1169 5309 1241 5370 ad
1277 5289 1528 5372 Pilatum
1564 5330 1577 5373 :
1609 5318 1669 5371 et
1699 5289 1832 5371 lacti
1865 5319 2002 5372 sunt
2031 5311 2186 5373 amic

2289 5289 2593 5389 ἀνέπεμψεν
2648 5289 2803 5369 αύτὸν
2990 5309 3225 5385 Πιλάτῳ.
3280 5289 3564 5387 ἡἘγέδοντο
3593 5307 3647 5364 δὲ
3698 5289 3817 5386 φίλοι
3865 5289 3886 5392 ξ

562 5398 720 5460 inter
739 5414 873 5459 sese
904 5395 1125 5459 Pilatus
1157 5407 1217 5461 et
1247 5396 1511 5460 Herodes
1544 5399 1607 5460 in
1638 5398 1849 5461 eodem
1883 5399 2001 5464 die.
2055 5401 2187 5465 Nan

2285 5426 2343 5461 τε
2414 5402 2640 5465 Πιλάτος
2672 5402 2757 5457 val
2790 5403 2818 5458 6
2870 5392 3108 5479 Ἡρώδης
3176 5402 3234 5456 ἒν
3279 5398 3412 5475 αὐτῇ
3469 5404 3533 5476 τῇ
3596 5396 3750 5475 ἡμέρᾳ
3795 5400 3870 5463 μετ

640 5556 699 5609 ³³
731 5556 860 5623 Act.
895 5572 954 5642 ν,
990 5556 1089 5625 37.

539 1930 777 1993 invenio
802 1949 1012 1991 noxam
1040 1930 1098 1989 in
1120 1931 1358 1991 homine
1374 1931 1505 1993 hoc.
1524 1956 1547 1984 η
1566 1928 1804 1991 Videtur
1821 1946 2019 1991 autem
2042 1930 2185 1990 mihi

538 2021 651 2082 ista
680 2018 1144 2096 interrogatione
1168 2038 1340 2100 quam
1368 2019 1505 2079 facit
1531 2037 1666 2096 erga
1684 2019 2006 2098 Christum,
2030 2019 2187 2080 ride-

538 2128 611 2171 re
627 2108 1014 2170 calumniam.
1036 2106 1183 2169 Rem
1210 2108 1365 2168 enim
1390 2108 1575 2186 ipsam
1602 2106 2182 2174 subsannatdicens:

544 2222 573 2255 σ
594 2199 683 2258 Tu
711 2215 778 2257 es
806 2216 907 2257 rex
936 2196 1326 2259 Judaaorum?
1360 2221 1385 2252 ι
1421 2195 1593 2276 quasi
1622 2196 1707 2256 sic
1738 2196 1894 2257 dicat
1922 2216 1935 2258 :
1966 2196 2054 2257 'l'u
2084 2198 2185 2274 qui

538 2294 654 2347 tam
695 2303 945 2366 pauper,
980 2292 1095 2344 tam
1128 2285 1278 2357 vilis,
1316 2292 1430 2344 tam
1464 2284 1776 2345 destitutus
1802 2285 2046 2359 auxilio,
2068 2294 2183 2346 tam

543 2375 737 2436 nudus
770 2392 859 2453 es,
891 2373 1192 2434 accusaris
1241 2390 1488 2451 regnum
1528 2372 1811 2433 ambire?
1839 2376 1962 2434 Hoc
1991 2383 2191 2435 autem

545 2462 876 2524 deridentis
907 2472 1018 2532 est,
1054 2472 1117 2522 ut
1145 2461 1423 2534 diximus,
1458 2480 1560 2521 eos
1592 2462 1689 2541 qui
1724 2462 1781 2522 in
1820 2463 1909 2522 his
1939 2482 2189 2524 accusa—

544 2552 686 2614 bant
715 2551 943 2625 Jesum,
979 2550 1134 2630 quod
1169 2550 1391 2626 ﬁngant
1439 2550 1612 2611 talem
1656 2568 1780 2611 rem
1818 2552 2089 2613 attentari
2120 2552 2193 2614 ab

548 2641 789 2703 homine
827 2650 939 2699 tam
976 2640 1133 2700 nudo
1165 2651 1342 2719 atque
1374 2638 1497 2713 vili,
1537 2640 1608 2700 ad
1642 2658 1815 2718 quam
1865 2650 1947 2700 tot
1977 2641 2195 2702 divitiis

548 2739 723 2809 atque
748 2728 1040 2809 praesidiis
1063 2747 1210 2808 opus
1242 2738 1351 2789 est.
1378 2731 1598 2791 Verum
1628 2729 1683 2787 hi
1707 2748 1838 2789 cum
1870 2729 2013 2790 nihil
2038 2729 2195 2791 aliud

545 2818 919 2881 haberentad
950 2817 1399 2896 syc0phantiam
1420 2816 2198 2891 confirmandam,clamoris

548 2915 791 2970 utuntur
818 2907 1055 2986 auxilio,
1082 2915 1138 2966 et
1164 2906 1566 2967 clamaverunt
1596 2914 1800 2966 contra
1826 2910 2010 2969 Deum
2043 2907 2196 2969 Ver-

547 2996 712 3058 bum.
748 2996 1092 3058 Commovet
1126 2994 1309 3074 enim,
1344 2995 1639 3075 inquiunt,
1674 2997 1786 3056 hoc
1816 3005 1927 3070 est,
1955 2997 2197 3057 seditio-

548 3104 675 3147 sum
710 3084 844 3145 facit
896 3084 1175 3164 p0pulum
1216 3105 1228 3145 :
1283 3082 1507 3145 ut'uon
1540 3086 1596 3145 in
1646 3103 1764 3146 una
1815 3095 1977 3164 parte
2026 3087 2127 3145 sed
2164 3105 2197 3147 a

4032 46 4035 141 ί

3986 251 4036 269 υ
