4140 6280
529 292 547 355 ί
576 298 693 367 095
1502 302 1606 367 ΤΗ
1616 298 2097 369 EOPHYLACTI
2141 288 2551 361 BULGARL‘E
2592 296 2949 363 ARCHIEP.

540 514 1070 603 Herode,etiamsi
1103 514 1218 585 non
1252 514 1570 585 admodum
1606 537 1831 603 aperte.
1857 525 2003 583 Cum
2039 519 2155 580 enii

2284 517 2771 599 εὐγνωμονέστερος
2854 522 2924 588 ἦν
2982 514 3234 598 Ἡρώδου,
3294 524 3653 602 ἀποκρίνεται,
3706 521 3815 579 κᾶν
3873 522 3946 595 μὴ

538 611 959 690 interrogasset
996 612 1117 683 ille,
1162 637 1181 665 «
1219 612 1306 674 Tu
1343 632 1407 673 es
1439 631 1538 674 rex
1575 612 1961 673 Judzeornm?
1997 636 2020 664 ιι
2051 609 2149 687 qui

2280 608 2414 661 πάνυ
2465 617 2668 687 σαφῶς.
2732 606 3135 689 Ἐρωτήσαντος
3196 614 3296 689 γὰρ
3356 613 3579 683 ἐκείνου,
3636 637 3659 666 ιι
3699 613 3779 667 Σὺ
3832 613 3943 667 εἶὸ

536 699 675 760 dicit
710 699 1029 761 Dominus?
1062 723 1088 760 ‹
1124 701 1207 762 Τυ
1242 702 1391 762 dicis
1454 728 1474 755 υ
1512 699 1639 762 Hoc
1688 709 1881 761 autem
1930 699 2155 759 medior

2276 693 2520 767 βασιλεὺς
2574 704 2681 753 τῶν
2771 698 3036 756 Ἰουδαίων
3083 719 3098 779 ;
3173 724 3195 755 ο
3273 704 3322 758 τί
3380 726 3542 782 φησιν
3598 704 3627 757 6
3690 703 3931 775 Κύριοςς

528 789 970 865 quodammodo
991 808 1233 850 sensum
1262 789 1438 851 habet
1488 792 1682 851 l'otest
1716 790 1875 850 enim
1910 785 2155 863 intelligi

2279 800 2306 837 (
2340 784 2413 838 Σὺ
2456 783 2653 862 λέγεις.
2690 809 2714 845 ι
2751 795 2911 846 Τοῦτο
2955 787 3008 843 δὲ
3050 790 3220 864 μέσην
3250 796 3363 852 πῶς
3391 790 3507 870 ἔχει
3539 792 3637 858 τὴν
3667 788 3928 851 διάνοιαν,

530 877 678 937 Vere
712 898 818 956 ego
851 897 1006 949 sum,
1045 887 1101 938 tu
1135 879 1331 940 dixisti
1361 880 1411 939 id
1439 880 1591 958 quod
1628 888 1755 947 est;
1796 888 1853 937 et
1884 877 2055 937 aliter
2088 875 2144 934 in

2278 872 2495 929 Δύναται
2566 876 2664 954 γὰρ
2719 880 2976 944 νοηθῆναι
3047 880 3155 952 καὶ,
3206 882 3286 936 ὃτι
3346 879 3590 947 Ἀληθῶς
3621 880 3734 957 ἐγὼ
3793 882 3923 955 εἶμι,

529 966 710 1043 telligi
742 975 954 1045 poteSI,
993 967 1111 1041 Ego
1169 986 1282 1027 non
1324 967 1481 1041 dico,
1522 977 1578 1026 tu
1613 968 1783 1034 dicis,
1834 972 2155 1046 potestatem

2270 960 2329 1015 σὺ
2384 964 2444 1018 τὸ
2502 964 2561 1019 ἄν
2617 967 2805 1029 εἶπας⁶
2874 965 3084 1023 δύναται
3115 966 3168 1023 δὲ
3213 971 3300 1025 καὶ
3331 967 3529 1042 ἄλλως,
3563 969 3645 1025 ὅτι
3680 967 3837 1047 Ἐγὼ
3866 972 3922 1027 οὖ

524 1052 710 1114 habes
742 1063 799 1112 et
845 1054 995 1115 dicis
1052 1057 1158 1134 ia).
1212 1055 1431 1116 Herodi
1482 1064 1675 1115 autem
1742 1072 1983 1135 prorsus
2032 1052 2155 1112 nihi

2264 1047 2424 1137 λέγω,
2487 1053 2549 1107 σὺ
2579 1052 2775 1132 λέγεις,
2847 1055 3080 1122 ἐξουσίαν
3111 1056 3259 1137 ἔχεις
3302 1059 3388 1114 καὶ
3431 1056 3629 1134 λέγεις.
3708 1050 3919 1135 ιΗρὼδῃ

522 1143 853 1222 respondit,
890 1144 1367 1223 quandoquidem
1404 1144 1611 1204 illusor
1644 1134 1768 1204 erat
1825 1147 1890 1208 Et
1922 1160 2057 1201 vere
2080 1160 2155 1201 se-

2264 1134 2317 1191 δὲ
2377 1137 2482 1197 οὐδ’
2538 1144 2775 1200 ὁπωσοῦν
2846 1134 3205 1226 ἀποκρίνεται,
3254 1150 3347 1203 οἶα
3378 1148 3437 1202 τὸ
3468 1146 3591 1203 ὅλον
3643 1134 3915 1223 ἐμπαίκτῃ

521 1231 782 1291 cundum
820 1222 1025 1294 Isaiam
1062 1222 1277 1294 senuni
1310 1232 1487 1303 malo,
1516 1232 1653 1293 ﬁliis
1688 1232 1934 1312 iniquis,
1968 1230 2059 1291 his
2077 1248 2155 1308 qu

2262 1222 2395 1289 ὄντι.
2461 1230 2556 1286 Καὶ
2632 1231 2732 1309 γὰρ
2780 1233 2967 1312 ὄντως,
2991 1222 2999 1224 ὴ
3026 1235 3163 1290 κατὰ
3191 1222 3308 1290 ⁷τὸν
3368 1227 3621 1314 Ἠσαίαν,
3649 1238 3729 1308 τῴ
3762 1222 3917 1313 σπέρὲ

520 1328 659 1379 tunc
692 1329 889 1392 erant,
916 1320 1179 1399 inquam,
1207 1321 1427 1381 Judaeis
1451 1321 1629 1381 etiam
1657 1331 1960 1382 exactores
1983 1327 2149 1378 erant

2261 1337 2387 1405 ματι
2444 1324 2520 1405 τῷ
2560 1328 2801 1398 πονηρῷ,
2849 1336 2966 1387 τοῖς
2997 1324 3133 1387 υἱοῖς
3165 1338 3281 1386 τοῖς
3308 1325 3550 1399 ἀνόμοις,
3597 1338 3720 1387 τοῖς
3769 1323 3909 1405 τότε,

517 1409 928 1487 opprimentes
959 1428 1083 1481 eos,
1142 1421 1196 1470 et
1250 1410 1524 1469 illusores
1571 1409 2029 1470 dominabantur
2064 1408 2149 1466 eis

2260 1399 2421 1479 λέγω,
2489 1403 2754 1472 ’[ουδαίοις
2811 1412 2897 1466 καὶ
2953 1412 3242 1489 πράκτορες
3300 1410 3433 1478 ἦσαν
3528 1399 3909 1485 καλαμώμενοι

514 1494 659 1555 Nam
697 1497 960 1558 irrisoria
992 1517 1191 1558 mente
1240 1509 1297 1559 et
1333 1498 1585 1558 ridicula
1616 1498 1943 1558 intentione
1972 1497 2155 1557 Jesun

2260 1491 2464 1572 αὐτοὺς,
2532 1497 2619 1551 καὶ
2677 1496 2969 1571 ἐμπαῖκται
3030 1500 3357 1575 κυριεύοντες
3410 1501 3604 1560 αὖτῶν.
3664 1492 3801 1557 ιὈτι
3856 1499 3906 1555 δὲ

516 1585 717 1645 videre
751 1587 1233 1665 concupiscebat,
1272 1598 1323 1647 et
1380 1587 1616 1665 signum
1650 1588 1721 1647 ab
1774 1605 1842 1646 co
1873 1593 2155 1664 spectare.

2256 1580 2341 1633 καὶ
2371 1583 2591 1658 τοιούτῳ
2646 1592 2834 1659 σκοπῷ
2881 1595 3151 1662 παικτικῷ
3206 1591 3293 1644 καὶ
3347 1587 3616 1666 γελοιώδει
3661 1588 3905 1650 ἐπεθύμει

515 1672 583 1732 Et
617 1674 727 1734 hoc
752 1675 949 1734 animo
983 1674 1154 1736 inter:
1176 1675 1364 1752 ogavit
1395 1694 1552 1745 eum,
1588 1690 1764 1753 atque
1792 1675 1904 1734 hoc
1931 1672 2155 1732 tandem

2254 1665 2388 1723 ἰδεῖν
2448 1672 2539 1727 τὸν
2609 1673 2841 1747 Ἰησοῦν,
2902 1678 2989 1732 καὶ
3048 1691 3278 1751 σημεῖον
3323 1676 3374 1741 ἐξ
3402 1676 3557 1733 αὖτοῦ
3596 1678 3899 1752 θεάσασθαι,

515 1762 829 1842 indicavit,
856 1764 1018 1822 illum
1056 1749 1458 1843 contemptum
1494 1776 1550 1822 et
1576 1749 1811 1823 irrisum
1836 1762 2155 1835 dimittens,

2250 1759 2335 1813 καὶ
2388 1762 2605 1839 τοιαύτη
2662 1766 2853 1842 γνώμῃ
2910 1766 3088 1844 ἠρώτα
3146 1768 3324 1845 αὐτὸν,
3382 1764 3539 1830 ἔδειξε
3594 1768 3658 1821 τὸ
3727 1764 3893 1829 τέλος,

513 1860 570 1909 et
603 1870 719 1910 non
756 1851 884 1931 ipse
907 1852 1118 1913 solum.
1151 1854 1250 1914 sed
1282 1854 1457 1913 etiam
1480 1854 1673 1911 omnis
1696 1852 1989 1912 exercitus
2012 1851 2155 1929 ejus:

2247 1844 2621 1918 Ἐξουθενήσας
2705 1854 2804 1932 γὰρ
2894 1857 3071 1921 αὖτόν,
3160 1857 3248 1911 καὶ
3301 1854 3584 1933 ὲμπαίξας,
3644 1853 3890 1911 ἀπέλυσε·

515 1940 612 2019 qui
647 1950 861 2019 praeter
890 1950 1101 2002 caetera
1133 1941 1387 2001 convitia
1420 1940 1609 2002 induit
1660 1959 1794 2000 eum
1829 1948 1991 2001 veste
2019 1957 2155 1999 can-

2246 1935 2334 1990 καὶ
2418 1941 2512 1995 οῦκ
2585 1942 2741 2005 αὒτὸς
2816 1944 3003 2017 μόνος,
3049 1941 3186 1998 ἀλλὰ
3244 1945 3331 2000 καὶ
3399 1944 3463 1999 τα
3534 1944 3892 2020 στρατεύματα

514 2028 1035 2108 dida,remisitque
1058 2030 1126 2088 ad
1155 2028 1524 2090 Pilatum.Tu
1543 2037 1741 2090 autem
1768 2029 1897 2089 vide
1922 2047 2155 2109 quomo-

2250 2023 2428 2099 αὐτοῦ,
2511 2027 2539 2082 ὅ
2622 2031 2801 2097 πάσης
2857 2029 3055 2110 ὕϐρεως
3125 2032 3388 2089 ἐπέκεινα·
3493 2029 3793 2111 περιϐαλὼν
3841 2031 3890 2087 δὲ

511 2118 586 2177 do
627 2135 730 2196 per
760 2121 955 2178 omnia
987 2136 1115 2197 quae
1147 2120 1306 2198 facit,
1341 2118 1613 2179 diabolus
1647 2118 1909 2178 irretitur
1932 2128 1988 2178 et
2017 2136 2155 2177 con-

2246 2114 2441 2179 ὶσθῆτα
2497 2114 2768 2196 λαμπρὰν,
2829 2119 3069 2195 ἔπεμψεν
3102 2120 3257 2177 αὐτὸν
3311 2126 3387 2193 τῷ
3454 2118 3685 2193 Πιλάτῳ.
3721 2122 3790 2176 Σὺ
3837 2118 3886 2175 δὲ

516 2205 850 2284 Stringitur.
878 2204 1105 2267 Excitat
1133 2208 1291 2267 enim
1327 2207 1645 2286 opprobria
1678 2219 1732 2269 et
1758 2207 2007 2267 convitia
2031 2225 2155 2266 con-

2249 2222 2338 2286 μοι
2421 2200 2517 2279 ὅρα
2569 2214 2846 2286 πανταχοῦ
2869 2205 2937 2263 δι’
2966 2210 3040 2262 ὧν
3084 2222 3255 2283 ποιεῖ,
3306 2206 3757 2283 συμποδιζόμενον
3802 2211 3884 2264 τὸν

517 2304 603 2356 tra
634 2296 1032 2365 Cbristum,et
1065 2296 1198 2356 inde
1224 2285 1437 2356 veritas
1465 2294 2155 2374 magisdeclaraturNam

2248 2285 2511 2351 διάϐολον.
2574 2301 2725 2352 Ποιεϊ
2791 2297 2892 2375 γὰρ
2950 2298 3069 2360 τοὺς
3122 2299 3459 2376 ὲμπαιγμοὺς
3488 2298 3695 2361 καὶτὰς
3724 2295 3881 2374 ὕϐρεις

515 2385 679 2445 hisce
704 2385 1089 2445 irrisionibus
1112 2385 1944 2463 manifestiustestanturquod
1973 2383 2155 2447 Domi-

2250 2379 2439 2442 ταύτας
2497 2384 2632 2438 κατᾶ
2684 2391 2930 2465 Χριστοῦ,
2978 2384 3234 2442 δείκνυται
3307 2385 3359 2441 δὲ
3419 2384 3623 2460 μᾶλλον
3665 2387 3880 2443 ἐντεῦθεν

517 2491 629 2533 nus
660 2493 774 2533 non
803 2473 977 2534 fuerit
1007 2472 1321 2534 seditiosus
1342 2475 1431 2534 vel
1456 2472 1719 2534 rebellis.
1754 2476 1812 2534 Si
1840 2474 1993 2533 enim
2015 2474 2145 2535 talis

2237 2467 2273 2533 ἡ
2334 2467 2578 2539 ἀλήθεια.
2657 2472 2736 2528 Δι’
2781 2474 2854 2530 ὧν
2912 2476 3011 2554 γὰρ
3039 2475 3332 2549 παίζουσιν,
3366 2472 3709 2551 ἆριδηλοτατα
3741 2498 3871 2553 μαρο

514 2562 743 2637 fuisset,
780 2564 1114 2641 neutiquam
1142 2563 1302 2623 hisce
1327 2561 1593 2622 ludibriis
1623 2562 1967 2630 illusissent,
1994 2562 2148 2623 exci-

2232 2562 2484 2634 Iupoi'iaw,
2546 2561 2619 2623 ὡς
2676 2561 2735 2617 οὐ
2804 2564 3125 2630 στασιαστὴς
3151 2565 3239 2619 καὶ
3268 2564 3524 2638 ἁντάρτης
3569 2566 3597 2619 6
3650 2564 3857 2642 Κύριος.

514 2659 631 2711 tato
660 2659 819 2710 tanto
850 2651 1134 2731 periculo,
1155 2665 1214 2711 et
1246 2651 1535 2712 seditione
1559 2652 1731 2712 totius
1759 2651 1970 2730 gentis.
2002 2670 2148 2727 prie-

511 2740 711 2801 sertim
746 2745 921 2800 tanta:
952 2749 1007 2800 et
1039 2752 1155 2800 tam
1189 2751 1503 2820 suspecta,
1540 2753 1596 2802 et
1636 2750 1860 2801 tantum
1895 2740 2150 2802 novitate

513 2846 711 2888 rerum
744 2828 1075 2905 gaudentis.
1117 2829 1275 2890 Facti
1308 2840 1443 2890 sunt
1487 2840 1680 2891 autem
1717 2830 1887 2890 amici
1936 2830 2153 2891 Pilatus

513 2926 571 2978 et
599 2915 887 2979 Herodes.
938 2918 1153 2979 Herodi
1215 2920 1374 2979 enim
1427 2927 1835 2998 argumentum
1882 2919 2155 2980 amicitiai

509 3006 616 3066 fuit
644 3015 701 3066 et
731 3006 987 3086 initium,
1031 3009 1183 3086 quod
1217 3027 1250 3069 a
1285 3008 1467 3069 l’ilato
1512 3008 1583 3068 ad
1634 3026 1698 3067 se
1730 3008 1944 3069 missus
1972 3014 2150 3081 esset,

508 3096 673 3175 quasi
709 3094 928 3155 Pilatus
968 3116 1080 3157 non
1125 3096 1455 3159 vindicaret
1488 3097 1602 3158 sibi
1632 3099 1825 3177 aliqua
1856 3096 2217 3177 privilegiac
2240 3090 2339 3177 γὰρ

508 3183 783 3246 Herodis.
801 3183 1223 3247 Verumtamen
1249 3186 1381 3247 vide
1403 3206 1579 3267 quam
1602 3186 1999 3266 discrepantia
2022 3204 2163 3249 con-

508 3284 710 3354 greget
743 3273 1033 3347 diabolos,
1067 3274 1258 3335 solum
1284 3284 1344 3335 ut
1376 3277 1609 3339 Christo
1642 3284 1893 3335 mortem
1930 3292 2160 3354 praepa.

504 3372 619 3428 ret.
653 3365 714 3422 ln
748 3382 921 3423 unam
957 3362 1115 3424 enim
1147 3364 1644 3444 conspirationem
1677 3366 1913 3443 copulat
1935 3373 1992 3424 et
2021 3382 2155 3425 con—

506 3452 667 3512 ciliat
700 3452 997 3515 inimicos.
1030 3456 1157 3513 Non
1179 3452 1793 3531 confundimurigitur
1825 3452 2150 3532 nos,siqui-

504 3540 641 3601 dem
674 3540 771 3600 ille
804 3538 1081 3601 inimicos
1131 3540 1403 3619 paciﬁcat
1448 3550 1511 3602 ut
1559 3543 1851 3605 Christum
1895 3541 2150 3616 occidat,

504 3646 613 3689 nos
644 3638 883 3707 propter
914 3628 1161 3689 salutem
1216 3637 1473 3690 nostram
1526 3648 1716 3710 neque
1747 3630 1888 3689 485
1926 3629 2152 3691 amicos

505 3734 807 3779 servamus
837 3717 898 3776 in
941 3717 1171 3792 oﬂicio;
1207 3716 1518 3797 Postquam
1565 3726 1762 3780 autem
1816 3718 2032 3778 missus
2063 3725 2153 3779 est

505 3806 716 3880 Pilato,
752 3805 884 3866 vide
935 3807 1232 3885 quomodo
1281 3806 1495 3867 iterum
1548 3808 1839 3886 refulgent
1882 3806 2144 3867 veritas:

503 3894 817 3958 Obtulistis
849 3894 1017 3966 mihi,
1053 3894 1246 3975 inquit
1278 3894 1519 3970 Pilatus,
1554 3896 1856 3957 hominem
1899 3894 2057 3957 hunc
2084 3901 2151 3959 ut

504 3984 942 4045 subvertentem
976 3985 1281 4065 populum,
1321 3995 1376 4045 et
1409 3986 1558 4047 nihil
1591 3998 1785 4047 morte
1816 3986 2056 4064 dignum
2086 3989 2149 4046 in

503 4092 574 4134 eo
607 4072 886 4134 invenio:
940 4073 1043 4133 sed
1093 4092 1291 4153 neque
1342 4073 1631 4136 Herodes.
1670 4072 1847 4137 Vides
1896 4074 2149 4135 duorum

506 4162 838 4234 hominum,
871 4179 1121 4241 quorum
1169 4163 1318 4223 alter
1352 4181 1594 4242 praeses,
1629 4164 1777 4225 alter
1806 4181 1933 4242 rex,
1980 4163 2146 4223 testi.

506 4250 772 4312 monium
808 4250 1050 4311 omnino
1083 4258 1337 4315 verum?
1368 4250 1571 4333 Neque
1596 4253 2149 4331 ego,iuquit,neque

505 4358 609 4401 rex
640 4336 907 4401 Herodes
940 4339 1279 4401 invenimus
1310 4341 1488 4401 ullam
1523 4359 1757 4402 causam
1784 4342 1843 4401 in
1874 4360 1965 4403 eo.
1998 4340 2146 4412 Quid

503 4428 703 4489 dicent
731 4429 800 4489 ad
836 4429 961 4489 haec
989 4430 1173 4489 Judaei
1199 4437 1226 4491 ?
1250 4429 1491 4492 Judices
1523 4430 1637 4509 ipsi
1679 4439 1967 4490 testantur
1995 4430 2151 4510 quod

504 4517 678 4597 culpa
700 4525 896 4577 careat
915 4516 1115 4592 homo,
1154 4525 1212 4578 et
1235 4537 1335 4578 vos
1357 4527 1703 4579 accusantes
1724 4518 1948 4579 nullum
1970 4518 2157 4579 addu-

503 4606 639 4667 citis
686 4605 1115 4665 testimonium.
1178 4606 1405 4678 Quibus
1458 4606 1876 4668 credendum?
1937 4608 2146 4685 Papae!

504 4695 801 4775 quomodo
827 4693 1004 4753 vincit
1027 4694 1272 4757 veritas?
1287 4694 1470 4755 Tacet
1488 4694 2153 4771 Jesus,et-testificantur

505 4799 610 4863 pro
637 4803 704 4843 eo
732 4780 1261 4845 inimici.Clamant
1281 4783 1557 4858 Judaei,et
1578 4782 2158 4863 nemoadstipulatur

506 4888 710 4933 eorum
740 4869 1120 4932 clamoribus.
1170 4872 1404 4934 Mollior
1424 4880 1619 4932 autem
1655 4883 1782 4933 erat
1827 4872 2067 4947 Pilatus,
2099 4890 2157 4943 et

507 4958 755 5019 minime
780 4978 884 5039 pro
903 4958 1147 5020 veritate
1161 4960 1743 5024 constans.Timebat
1757 4961 1914 5021 enim
1934 4963 2157 5023 calum-

504 5048 690 5123 niam,
724 5067 799 5110 ne
829 5059 1211 5111 accusaretur
1259 5051 1417 5129 quod
1466 5050 1751 5112 rebellem
1784 5049 2154 5122 absolvisset.

504 5136 634 5199 Non
666 5140 822 5199 enim
848 5137 1078 5200 didicit:
1108 5137 1425 5200 Terrorem
1442 5148 1696 5200 vestrum
1718 5158 1790 5200 ne
1818 5140 2149 5216 timeamus,

505 5227 608 5289 sed
649 5225 935 5291 Dominus
965 5228 1095 5308 ipse
1132 5228 1280 5289 milii
1330 5227 1443 5290 erit
1473 5230 1668 5289 timor.
1709 5253 1735 5283 κ
1771 5229 2148 5308 Castigatum,

507 5315 1047 5397 inquit,dimittam,
1076 5341 1101 5372 ι
1130 5318 1243 5378 hoc
1266 5318 1763 5399 est,emendatum
1780 5319 2149 5397 perﬂagella.

509 5404 768 5467 Necesse
783 5414 977 5467 autem
1010 5404 1305 5468 habebant
1344 5406 1596 5469 Romani
1629 5424 1735 5487 per
1756 5408 1912 5469 diem
1939 5408 2153 5472 festum

2235 2646 2289 2699 Εἰ
2324 2645 2423 2723 γὰρ
2478 2656 2717 2715 τοιοῦτος
2787 2652 2879 2726 ἦν,
2940 2655 3037 2711 οὒκ
3109 2651 3168 2706 ἂν
3245 2652 3484 2725 ἔπαιζον,
3558 2653 3852 2719 τηλικούτου

2230 2732 2600 2812 ἐπηρτημένου
2653 2737 2912 2811 κινδύνου,
2981 2743 3069 2797 καὶ
3139 2740 3545 2803 ἐπαναστάσεως
3608 2740 3723 2797 ὅλου
3770 2747 3842 2794 τοῦ

2232 2820 2406 2888 ἔθνους
2474 2826 2928 2903 ὑποπτευομένης,
2978 2831 3065 2886 καὶ
3098 2832 3260 2886 ταῦτα
3304 2828 3620 2895 τηλικούτου
3666 2829 3810 2889 ibim:

2234 2913 2322 2967 καὶ
2378 2912 2516 2970 οὕτω
2578 2929 2701 2978 ταῖς
2758 2918 3117 2993 καινοτομίαις
3177 2918 3479 2998 χαίροντος.
3534 2942 3562 2973 α
3605 2918 3834 2994 Ἐγένοντο

2237 2998 2313 3079 δὲ,
2375 3004 2521 3080 φησὶ,
2583 3004 2723 3079 φίλοι
2790 3005 2817 3061 ὅ
2869 3028 2926 3063 τε
2958 3006 3186 3070 Πιλάτος
3228 3009 3318 3063 καὶ
3348 3010 3375 3063 6
3410 2999 3668 3087 Ἡρώδης.
3712 3030 3731 3063 ι
3778 3006 3837 3062 Tir

2440 3093 2532 3148 τὸν
2584 3095 2928 3169 ὑποκείμενον
3000 3103 3076 3170 τῷ
3136 3088 3343 3175 Ἡρώδῃ
3416 3096 3714 3177 πεμφθῆναι
3766 3095 3852 3149 ὕπο

2248 3176 2473 3236 Πιλάτου
2529 3181 2657 3259 πρὸς
2718 3182 2898 3259 αὐτὸν,
2957 3185 3136 3264 ἀρχὴν
3191 3184 3367 3265 φιλίας
3428 3176 3623 3258 ἔδοξει,
3670 3185 3737 3250 ὥς
3790 3184 3857 3257 μὴ

2240 3270 2670 3346 σφετεριζομένου
2723 3279 2814 3327 τοῦ
2887 3270 3117 3329 Πιλάτου
3175 3276 3239 3329 τὰ
3268 3275 3530 3351 προνόμια
3574 3281 3666 3331 τοῦ
3697 3265 3859 3351 ’Πρώ-

2236 3352 2345 3415 δου.
2404 3355 2550 3425 Πλὴν
2603 3356 2699 3437 ὅρα
2753 3363 3030 3440 πανταχοῦ
3058 3363 3146 3419 καὶ
3188 3363 3255 3418 τὰ
3305 3360 3558 3419 διεστῶτα
3590 3382 3861 3439 συναγοντα

2234 3445 2324 3501 τὸν
2381 3443 2645 3528 διάϐολον,
2720 3448 2809 3506 ἴνα
2839 3452 2999 3526 μόνον
3029 3457 3106 3525 τῷ
3138 3460 3346 3531 Χριστῴ
3374 3454 3607 3529 σκευάσῃ
3647 3455 3733 3508 τὸν
3769 3450 3859 3506 θά-

2236 3556 2412 3615 νατδν,
2485 3538 2573 3592 καὶ
2630 3538 2754 3612 μίαν
2815 3540 3104 3614 σύμπνοιαν
3190 3544 3597 3619 ωγκροτοῦντα,
3642 3544 3726 3597 καὶ
3751 3539 3862 3602 τοὺς

2231 3625 2452 3702 ἐχθροὺς
2530 3624 2820 3704 φιλιοῦντα.
2909 3630 3016 3685 Οὖκ
3106 3631 3462 3710 αἰσχυνόμεθα
3530 3634 3616 3687 οῦν
3686 3632 3864 3704 ἡμεῖς,

2232 3711 2349 3789 εἴγε
2378 3716 2561 3773 τούτου
2587 3717 2674 3771 καὶ
2703 3718 2820 3782 τούς
2848 3716 3067 3795 ἐχθρούς
3120 3719 3499 3797 εἰρηνεύοντος,
3533 3717 3623 3774 ἵνα
3653 3718 3869 3797 Χριστὸν

2233 3800 2543 3879 ἀποκτείνῃ,
2614 3806 2777 3878 ἡμεῖς
2830 3804 2914 3861 διὰ
2956 3808 3056 3873 τὴν
3084 3809 3239 3883 ἡμῶν
3293 3810 3578 3886 σωτηρίαν,
3627 3807 3743 3866 οὐδὲ
3779 3804 3871 3863 κᾶν

2232 3892 2351 3978 τούς
2409 3892 2587 3972 φίλους
2644 3895 2700 3950 ἐν
2747 3901 2816 3971 τῇ
2885 3898 3016 3974 πρὸς
3065 3899 3211 3972 ἡμᾶς
3296 3896 3443 3978 φιλίᾳ
3525 3900 3867 3976 τηρήσομεν;

2232 3973 2383 4037 Ἐπεὶ
2440 3980 2495 4038 δὲ
2560 3983 2870 4064 ἀνεπέμφθη
2930 3973 3108 4043 πάλιν
3205 3994 3282 4062 τῷ
3310 3973 3321 3978 ⁷
3366 3973 3607 4067 Πιλάτῳ,
3694 3973 3869 4042 σκόπει

2231 4068 2391 4126 πάλιν
2497 4072 2598 4140 τὴν
2714 4072 2964 4143 ἀλήθειαν
3048 4075 3380 4150 λάμπουσαν.
3475 4073 3871 4154 Προσηνέγκατέ

2231 4180 2345 4235 μοι,
2404 4161 2562 4240 φησὶν
2622 4163 2649 4217 6
2738 4160 2986 4237 Πιλάτος,
3042 4165 3135 4220 τὸν
3206 4163 3477 4242 ἄνθρωπον
3562 4170 3749 4220 τοῦτον
3802 4165 3870 4227 ὡς

2231 4245 2601 4329 διαστρέφοντα
2669 4251 2759 4307 τὸν
2810 4249 2963 4331 λαὸν,
3022 4254 3110 4309 καὶ
3171 4252 3317 4312 οὐδὲν
3374 4252 3515 4318 ἄξιον
3566 4253 3789 4309 θανάτου
3819 4252 3867 4306 ὲν

2172 4338 2403 4446 ι>τούτῳ
2460 4340 2700 4417 εὑρίσκω*
2781 4338 2904 4399 ἀλλ’
2973 4339 3089 4398 οὐδὲ
3164 4332 3429 4421 Ἡρώδης.
3512 4333 3664 4421 Ὀρᾷς
3714 4361 3730 4423 ;
3787 4338 3873 4396 δύο

2236 4428 2544 4503 ἀνθρώπων,
2605 4431 2693 4485 καὶ
2748 4439 2910 4488 ταῦτα
2962 4438 3053 4487 τοῦ
3123 4432 3221 4506 μὲν
3286 4432 3576 4509 ἡγεμόνος,
3638 4438 3733 4487 τοῦ
3823 4428 3875 4484 δὲ

2233 4516 2516 4592 βασιλέως,
2588 4519 2623 4585 ἡ
2673 4518 2927 4597 μαρτυρία
2984 4519 3197 4583 πάντως
3285 4517 3513 4590 ἀληθής.
3568 4516 3690 4577 Οὖτ’
3748 4518 3875 4596 ἐγὼ,

2233 4607 2416 4685 φησὶν,
2475 4605 2589 4662 οὔτε
2649 4610 2677 4664 6
2708 4606 2953 4684 βασιλεύς
3010 4600 3251 4686 Ἡρώδης
3305 4608 3526 4687 εὖρομεν
3602 4607 3780 4665 αἴτιόν
3833 4630 3880 4663 τι

2234 4696 2287 4751 ἐν
2336 4696 2500 4769 αὒτῷ.
2560 4697 2619 4754 Τί
2671 4698 2897 4777 φήσουσι
2969 4697 3098 4777 πρὸς
3154 4704 3319 4753 ταῦτα
3366 4698 3413 4752 οἱ
3471 4690 3727 4753 Ἰουδαῖοι
3765 4716 3783 4776 ς
3828 4697 3883 4752 Οἱ

2238 4785 2412 4863 κριταὶ
2466 4784 2613 4842 αὐτοὶ
2684 4785 3053 4863 μαρτυρῶσιν,
3108 4785 3188 4842 ὅτι
3242 4786 3473 4849 ἀναίτιος
3504 4788 3532 4841 6
3588 4783 3879 4863 ἄνθρωπος’

2237 4875 2397 4950 ὑμεῖς
2468 4877 2515 4931 οἱ
2591 4880 3032 4953 κατηγοροῦντες,
3104 4872 3285 4932 οὐδένα
3341 4875 3575 4954 μάρτυρα
3631 4876 3882 4954 παρηγά-

2239 4981 2381 5041 γετε·
2442 4964 2545 5021 τίσι
2597 4961 2681 5020 δεῖ
2730 4963 3043 5042 πιστεύεινς
3098 4961 3266 5020 Βαϐαί
3302 4968 3314 5024 !
3362 4968 3478 5027 πῶς
3508 4968 3628 5034 νικᾷ
3672 4965 3716 5033 ἡ
3743 4964 3880 5033 ἁλή-

2237 5056 2395 5113 θειαί
2470 5058 2663 5124 Σιωπᾷ
2729 5048 2960 5132 Ἰησοῦς,
3021 5051 3108 5108 καὶ
3164 5057 3511 5131 μαρτυροῦσιν
3552 5050 3684 5128 ὑπέρ
3731 5056 3883 5112 αὐτοῦ

2236 5144 2282 5197 οἱ
2338 5143 2539 5221 ίεχθροί⁸
2613 5143 2808 5218 βοῶσιν
2867 5143 2914 5198 οἱ
2972 5138 3244 5214 Ἰουδαῖοι,
3304 5141 3392 5197 καὶ
3449 5137 3612 5203 οὐδεὶς
3679 5143 3713 5198 6
3762 5152 3879 5203 ταῖς

2235 5230 2391 5306 βοαῖς
2449 5230 2841 5308 ἐπιμαρτυρῶν,
2899 5226 3150 5294 Μαλακὸς
3206 5227 3264 5285 δὲ
3291 5250 3372 5294 τις
3414 5230 3443 5285 6
3486 5227 3745 5303 Πιλάτος,
3796 5228 3879 5285 καὶ

2236 5318 2426 5386 ἥκιστα
2479 5320 2608 5397 ὑπὲρ
2691 5318 2939 5385 ἀληθείας
3024 5316 3357 5381 ἐνστατικός.
3446 5314 3730 5375 Ἐδεδοίκει
3787 5318 3880 5395 γὰρ

2235 5408 2335 5482 τὴν
2405 5409 2783 5489 συκοφαντίαν,
2853 5408 3051 5482 μήπως
3083 5404 3366 5487 διάϐληθῇ,
3393 5407 3468 5471 ὣς
3499 5406 3591 5463 τὸν
3623 5406 3880 5487 ἆντάρτην

589 5566 661 5646 (α)
686 5563 751 5626 In
781 5566 922 5626 edit.
956 5566 1092 5632 Lut.
1124 5566 1358 5642 desunt,
1390 5574 1744 5648 potestatem
1765 5568 1965 5650 habes,
1998 5569 2257 5635 adicis.

3795 296 3947 363 ιορη
4027 240 4046 403 ε

540 452 684 494 sane
714 434 1047 515 respondit,
1082 438 1360 515 quoniam
1386 435 1685 515 aliquanto
1711 433 2058 513 prudentior
2078 447 2155 489 er:

2232 434 2265 481 Α
2286 429 2520 501 μείζονος
2577 446 2697 496 τοῖς
2727 433 2803 506 μὴ
2836 439 3154 515 προσχοῦσι,
3194 442 3279 510 Τῷ
3307 439 3487 509 μέντοι
3536 436 3784 506 nixi-.29,
3848 434 3949 497 ἐπεὶ

4040 776 4047 957 i
