4140 6280
509 362 660 428 1099

1473 359 2071 425 THEOPHYLACTI
2118 355 2526 422 BULGARUE
2581 356 2938 422 ARCHIEP.

3769 355 3940 423 1100

504 498 614 560 ciis
645 499 873 573 vivunt,
898 497 1130 560 inimici
1162 506 1300 560 sunt
1327 495 1569 558 Christi.
1607 493 1712 557 Ille
1743 503 1935 556 autem
1971 501 2163 574 potest

2331 515 2359 546 α
2396 491 2776 550 Ἐταπείνωσεν
2817 495 3001 553 ἑαυτὸν
3057 494 3221 572 μέχρι
3274 494 3519 572 θανάτου,
3572 493 3829 549 θανάτου
3880 491 3935 547 δὲ
4040 567 4041 582 γ

507 586 634 648 fieri
665 585 940 647 subditus
965 584 1206 665 Christi,
1243 593 1300 648 et
1327 585 1534 646 tollere
1564 602 1800 646 crucem
1848 602 2039 658 suam,
2065 585 2161 663 qui

505 675 736 736 virtutis
768 674 1079 754 operarius
1112 684 1200 736 est
1235 696 1246 737 :
1283 674 1384 754 qui
1415 674 1574 734 venit
1601 693 1634 734 a
1664 673 1800 734 villa
1821 672 2164 752 relinquens

510 764 820 836 mundum,
852 773 910 824 et
935 783 1004 825 ea
1025 783 1155 844 quae
1173 764 1386 825 suntin
1407 761 1716 841 mundo,et
1735 761 1805 822 ad
1833 760 2164 824 Jerusalem

507 852 667 914 illam
700 870 1018 933 supernam
1054 861 1112 913 et
1135 852 1380 915 liberam
1409 850 1596 914 tendit
1627 853 1810 910 Porro
1829 849 1984 929 quod
2003 849 2167 913 Chri-

508 948 661 1002 stum
697 940 1012 1002 multitudo
1045 941 1249 1021 populi
1281 950 1338 1001 et
1371 939 1684 1000 mulierum
1706 939 1998 1018 sequitur,
2016 939 2164 1000 insi-

507 1041 650 1091 nuat
680 1029 835 1110 quod
871 1047 1079 1108 magna
1115 1027 1428 1090 multitudo
1456 1027 1799 1089 Iudaeorum
1831 1027 2009 1088 etiam
2035 1039 2166 1107 post

507 1137 745 1182 crucem
771 1118 980 1180 credet
1002 1119 1061 1178 in
1095 1116 1395 1180 Christum
1433 1117 1568 1196 (hoc
1600 1117 1756 1177 enim
1793 1125 1880 1176 est
1911 1117 2166 1194 sequi)et

509 1208 792 1270 mulieres
811 1207 1200 1286 multm.Lege
1231 1216 1362 1268 acta
1395 1205 1825 1285 apostolorum,
1859 1213 1917 1265 et
1939 1203 2163 1265 videbis

508 1300 823 1358 innumera
854 1296 1040 1357 millia
1067 1295 1436 1356 credentium
1474 1294 1557 1354 33.
1592 1292 1743 1364 Quid
1776 1302 1970 1353 autem
1995 1293 2042 1353 si
2065 1293 2161 1353 lu-

505 1404 648 1465 gere
669 1393 726 1446 et
745 1385 978 1465 plorare
997 1384 1278 1444 mulieres
1298 1385 1500 1444 .Iesum
1525 1381 2160 1461 sequentes,moralem

509 1493 751 1537 sensum
788 1492 991 1536 secum
1019 1472 1252 1533 afferat?
1273 1473 1379 1534 Est
1401 1470 1558 1532 enim
1594 1471 1811 1530 mulier
1841 1470 2037 1530 anima
2063 1472 2160 1530 in-

510 1566 699 1638 ﬁrma,
729 1581 861 1643 qua;
890 1561 940 1622 si
972 1561 1394 1624 contritionem
1450 1558 1648 1620 cordis
1694 1559 2024 1638 suscipiens
2056 1577 2164 1637 per

511 1653 941 1734 pmnitentiam,
977 1651 1135 1729 luget
1175 1659 1233 1711 et
1278 1651 1489 1727 plorat,
1523 1665 1728 1708 revera
1760 1647 2029 1727 sequitur
2057 1643 2186 1710 Je-'

508 1761 642 1804 sum
673 1743 772 1822 qui
803 1740 1167 1819 cruciﬁgitur
1197 1748 1254 1800 at
1283 1738 1562 1817 afﬂigitur
1615 1746 1860 1816 propter
1891 1750 2157 1798 nostram

509 1831 783 1894 salutem.

2246 604 2492 658 σταυρου.
2555 585 2648 638 Διὸ
2695 587 2783 639 καί
2846 586 2874 638 6
2943 585 3072 645 Θεὸς
3133 585 3300 638 αὐτῶν
3364 584 3707 660 ύπερύψωσε,
3755 606 3783 638 ι
3841 587 3931 638 καὶ

2246 672 2310 728 τὰ
2366 671 2508 738 ἑξῆς.
2582 670 2730 728 Ἐπεὶ
2809 673 2900 728 οὖν
2967 672 2996 727 ό
3073 673 3293 748 σταυρὸς
3365 670 3497 745 ὕψος
3559 671 3763 749 γέγονε
3851 677 3932 744 τῷ

2248 757 2424 826 Ἰησοῦ
2492 762 2579 818 καὶ
2665 759 2810 834 δόξα,
2905 761 3119 823 εἰκότως
3215 761 3360 839 ἀρχὴ
3427 764 3584 818 αὐτοῦ
3660 759 3922 837 λέγεται,

2250 847 2366 915 ἦτοι
2414 849 2640 929 ἀρχικὸν
2697 849 2900 924 ἀξίωμα
2953 852 3038 905 καὶ
3081 846 3346 924 σύμϐολον
3403 854 3501 915 τῆς
3546 849 3767 928 ἀρχῆς.
3827 841 3921 909 Ὠς

2249 936 2349 1015 γὰρ
2405 940 2451 992 οἱ
2508 938 2852 1016 συγκλητικοὶ
2899 937 3080 1019 ἔχουσι
3134 936 3373 1012 σύμϐολα
3419 943 3524 993 τῶν
3554 937 3918 1016 ἀξιωμάτων,

2277 1029 2291 1048 ς
2411 1027 2425 1044 \
2575 1028 2586 1046 I
2806 1031 2817 1043 ο
2885 1027 2929 1046 '\\
3160 1029 3172 1047 I
3369 1025 3394 1046 η
3591 1029 3604 1045 \
3788 1028 3804 1049 Ι

2249 1048 2292 1082 οι
2366 1049 2464 1101 μεν
2523 1035 2714 1101 ζωνας,
2775 1050 2822 1082 οι
2881 1041 2936 1082 οε
3010 1024 3240 1102 μανδυας
3277 1046 3291 1061 ⁶
3339 1049 3478 1082 ουτω
3521 1048 3608 1082 και
3653 1029 3683 1081 ὁ
3724 1037 3920 1103 Κυριος

2245 1118 2337 1171 τὸν
2393 1119 2613 1193 σταυρὸν
2675 1122 2772 1183 τῆς
2824 1118 3016 1180 οἷκείας
3074 1116 3345 1191 βασιλείας
3405 1113 3668 1190 σύμϐολον
3724 1130 3909 1172 ποιεῖ-

2245 1227 2361 1266 ται.
2425 1208 2519 1263 Καὶ
2580 1208 2856 1276 σκοπήσας
2909 1208 3173 1284 εὑρήσεις,
3219 1204 3298 1261 ὅτι
3332 1204 3508 1269 ἄλλως
3538 1209 3596 1264 οὒ
3626 1205 3912 1281 βασιλεύει

2245 1298 2299 1350 ἒν
2352 1296 2486 1369 ἡμῖν
2540 1297 2567 1350 6
2632 1296 2858 1369 Ἰησοῦς,
2919 1297 2962 1350 εἰ
3021 1298 3098 1362 μὴ
3130 1293 3213 1351 διὰ
3244 1287 3758 1358 κακοπάθειαν,”Ως
3789 1295 3909 1372 οἷ’γε

2244 1391 2560 1462 τρυφῶντες,
2621 1387 2800 1463 ἓχθροὶ
2844 1395 2937 1443 τοῦ
2981 1393 3203 1463 σταυροῦ
3237 1404 3253 1420 ⁸
3312 1385 3516 1446 ἐκεῖνος
3567 1382 3620 1439 δὲ
3683 1383 3906 1441 δύναται

2244 1475 2477 1542 ὑπήκοος
2549 1475 2784 1552 γενέσθαι
2863 1474 3107 1553 Χριστοῦ,
3167 1476 3254 1530 καὶ
3333 1475 3451 1550 ἆραι
3520 1475 3610 1528 τὸν
3671 1477 3901 1550 σταυρὸν

2246 1561 2426 1635 αὐτοῦ,
2487 1565 2514 1618 ὁ
2571 1567 2668 1629 τῆς
2730 1563 2920 1641 ἀρετῆς
3001 1563 3254 1640 ἐργάτης.
3318 1553 3374 1619 Ὀ
3430 1562 3735 1640 ἒρχόμενος
3810 1563 3899 1617 ἀπ’

2246 1648 2427 1729 ἀγροῦ,
2481 1653 2508 1706 6
2567 1652 2658 1706 τὸν
2715 1651 2913 1726 κόσμον
2974 1658 3152 1706 τοῦτον
3213 1651 3374 1730 ἀγρὸν
3436 1651 3560 1706 ὄντα
3619 1649 3895 1725 καταλιμ-

2243 1740 2444 1814 πάνων,
2478 1741 2566 1796 καὶ
2618 1741 2684 1795 τὰ
2739 1740 2793 1795 ἐν
2854 1741 2996 1814 αὑτῷ
3037 1740 3185 1816 ἔργα,
3248 1741 3342 1795 καὶ
3377 1741 3506 1818 πρὸς
3537 1740 3638 1805 τὴν
3697 1730 3891 1817 Ἰερου-

2177 1829 2422 1902 Βσαλὴμ
2478 1830 2575 1896 τὴν
2633 1827 2741 1885 ἄνω
2796 1831 2894 1896 τὴν
2953 1828 3221 1908 ἐλευθέραν
3279 1829 3505 1904 ἱέμενος.
3575 1826 3750 1884 Ἀλλὰ
3808 1831 3891 1884 καὶ

508 1921 584 1995 τῷ
609 1919 916 1976 ἀκολουθεῖν
950 1927 1026 1993 τῷ
1055 1926 1262 1995 Χριστῷ
1294 1917 1496 1984 πλῆθος
1527 1915 1657 1973 λαοῦ
1687 1917 1774 1970 καὶ
1805 1917 2090 1994 γυναικῶν,
2116 1916 2395 1972 αἰνίττεται
2418 1915 2497 1972 ὅτι
2521 1917 2656 1973 πολὺ
2686 1917 2887 1984 πλῆθος
2922 1924 3027 1973 τῶν
3063 1915 3325 1975 Ἰουδαίων
3358 1918 3491 1991 μετὰ
3519 1918 3610 1972 τὸν
3641 1919 3884 1993 σταυρόνο

505 2017 657 2067 τοῦτο
676 2012 776 2088 γὰρ
803 2013 864 2064 τὸ
894 2009 1204 2064 ἀκολουθεῖν
1239 2025 1252 2040 '
1287 2007 1655 2063 πιστεύσουσιν
1705 2007 1776 2067 εἷς
1829 2007 2009 2084 αὖτοθ,
2042 2007 2130 2061 καὶ
2160 2019 2411 2082 γυναῖκες
2468 2004 2522 2061 δὲ
2553 2007 2770 2071 πολλαί,
2808 2009 2904 2065 Καὶ
2933 2007 3194 2084 ἀνάγνωθι
3231 2009 3323 2069 τὰς
3355 2005 3595 2084 Πράξεις,
3627 2009 3719 2062 καὶ
3762 2005 3880 2080 ὄψει

510 2097 763 2178 μυριάδας
792 2104 898 2154 τῶν
927 2098 1302 2158 πιστευόντων,
1352 2097 1571 2165 Μήποτε
1603 2093 1656 2148 δὲ
1686 2095 1774 2149 καὶ
1804 2096 1864 2149 τὸ
1893 2097 2106 2171 θρηνεῖν
2135 2096 2223 2150 καὶ
2252 2095 2537 2152 κόπτεσθαι
2578 2099 2671 2161 τὰς
2715 2095 3098 2159 ἀκολουθούσαις
3133 2110 3380 2173 γυναῖκες
3411 2103 3487 2169 τῷ
3517 2095 3718 2168 Ἰησοῦ,
3751 2116 3880 2169 συμ-

511 2186 754 2244 ϐαλεῖται
785 2189 922 2261 ἡμῖν
955 2188 1026 2248 εἷς
1059 2188 1187 2251 ἦθος
1226 2205 1241 2259 ;
1274 2183 1446 2242 ’Ἔστι
1478 2183 1575 2258 μὲν
1605 2184 1703 2260 γὰρ
1732 2184 1885 2260 γυνὴ,
1941 2185 2094 2262 ψυχὴ
2138 2183 2364 2251 ἀσθενὴς
2408 2185 2539 2253 αὕτη
2572 2185 2626 2242 δὲ
2661 2187 2748 2242 ἐὰν
2779 2183 3059 2264 συντριϐὴν
3106 2183 3318 2260 καρδίας
3361 2183 3620 2260 δεξαμένη
3664 2182 3748 2240 διὰ
3788 2190 3876 2249 τῆς

515 2277 820 2357 μετανοίας,
867 2278 1032 2350 πενθῇ
1074 2277 1160 2331 καὶ
1191 2275 1479 2347 κόπτηται,
1526 2273 1645 2328 τότε
1681 2270 1843 2335 ὅντως
1876 2271 2156 2328 ἀκολουθεῖ
2212 2280 2289 2347 τῷ
2347 2273 2548 2350 Ἰησοῦ,
2607 2283 2682 2351 τῷ
2711 2275 3085 2352 σταυρουμένψ
3113 2276 3200 2331 καὶ
3229 2274 3649 2354 κακουχουμένῳ
3676 2272 3758 2328 διὰ
3786 2277 3870 2340 τὴν

513 2376 666 2446 ἡμῶν
707 2367 968 2442 σωτηρίαν
980 2414 992 2426 ,

590 2459 774 2516 Vens.
805 2453 1024 2516 98-31.
1059 2475 1086 2510 ι
1124 2452 1455 2514 Conversus
1485 2462 1681 2513 autem
1711 2451 1784 2513 ad
1835 2449 1968 2510 illas
1987 2447 2161 2510 Jesns

2333 2479 2360 2509 α
2409 2457 2658 2533 Στραφεὶς
2718 2453 2772 2510 δὲ
2816 2458 2943 2534 πρὸς
2987 2456 3143 2520 «ora;
3199 2457 3227 2510 6
3269 2454 3475 2520 Ἰησοῦς
3507 2455 3656 2510 εἷπε·
3705 2461 3859 2529 Θυγα-

511 2547 656 2609 dixit
690 2561 703 2605 :
741 2539 905 2602 Filiae
929 2538 1287 2618 Jerusalem,
1323 2541 1504 2601 nolite
1528 2542 1672 2601 ﬂere
1702 2555 1881 2618 super
1910 2556 2027 2612 me,
2053 2538 2156 2598 sed

2248 2545 2388 2623 τέρες
2469 2536 2839 2624 Ἰερουσαλὴμ,
2892 2546 2969 2620 μὴ
3026 2543 3232 2600 κλαίετε
3290 2541 3372 2600 ἐπ’
3430 2545 3551 2623 ὶμὲ,
3619 2542 3754 2607 πλὴν
3790 2541 3861 2618 ἐρ’

512 2651 694 2715 super
725 2629 891 2690 vobis
923 2630 1065 2708 ipsis
1084 2630 1242 2695 ﬂete.
1282 2637 1340 2689 et
1370 2647 1552 2709 super
1576 2628 1713 2688 ﬁliis
1741 2625 2155 2715 vestris,ﬁquo-

2248 2632 2427 2695 ἑαυτὰς
2470 2631 2703 2708 κλαίετε,
2753 2635 2840 2688 καὶ
2895 2632 2980 2689 ἐπὶ
3030 2633 3094 2688 τὰ
3153 2633 3309 2688 τέκνα
3390 2634 3535 2707 ὑμῶν
3572 2647 3586 2660 ⁸

514 2714 674 2786 niam
723 2737 864 2780 ecce
915 2717 1151 2778 venient
1188 2717 1318 2778 dies
1375 2718 1435 2778 in
1487 2716 1705 2798 quibus
1734 2715 1929 2777 dicet:
1964 2714 2157 2775 Beatae

512 2814 836 2881 steriles,et
855 2814 1090 2868 ventres
1118 2808 1216 2885 qui
1248 2825 1362 2867 non
1389 2812 1813 2885 genuerunt,et
1830 2803 2015 2865 ubera
2034 2822 2164 2883 qua:

519 2923 634 2966 non
664 2896 1287 2965 lactaverunt34.'l‘unc
1306 2896 1594 2976 incipient
1613 2895 1815 2955 dicere
1838 2892 2160 2954 montibus:

515 2984 722 3047 Cadite
757 3003 937 3065 super
970 3003 1102 3059 nos;
1135 2993 1192 3045 et
1221 2985 1472 3045 collibus
1500 3005 1512 3046 :
1541 2983 1851 3063 Cooperite
1884 2980 2166 3052 nosQuia

3647 2631 3720 2686 ὅτι
3765 2627 3851 2684 ίδοὺ

2247 2722 2493 2802 ἔρχονται
2560 2722 2775 2800 ἡμέραι,
2837 2723 2890 2778 έν
2937 2727 3026 2787 αἷς
3075 2723 3243 2800 ἐροῦσι
3279 2738 3293 2752 ”
3343 2721 3605 2798 Μακάριαι
3646 2723 3837 2775 21m?-

2247 2833 2353 2889 ραι,
2389 2811 2476 2867 καὶ
2517 2809 2710 2867 κοιλίαι
2756 2813 2811 2866 αἳ
2872 2815 2965 2869 οὒκ
3013 2811 3323 2888 ὶγέννησαν,
3375 2811 3462 2866 καὶ
3493 2811 3662 2884 μαστοέ
3685 2809 3730 2861 οἳ
3754 2809 3828 2860 οὐκ

2246 2899 2528 2969 ἐθήλασαν.
2578 2899 2707 2958 Τότε
2768 2899 3006 2978 ἄρξονται
3067 2899 3241 2978 λέγειν
3283 2912 3404 2962 τοϊς
3453 2899 3582 2978 ὄρεσι
3609 2915 3626 2933 ο
3668 2896 3823 2978 ﬂium

2249 2990 2328 3069 ἐφ’
2373 2991 2539 3068 ἡμᾶς,
2593 2991 2682 3045 καὶ
2724 2973 2839 3052 τοί-ς
2882 2989 3095 3065 βουνοῖς
3132 2973 3155 3026 ο*
3201 2973 3497 3064 Καλύψατε.
3538 2989 3686 3062 ἡμᾶς.
3721 2973 3830 3040 ’Ότι

515 3076 562 3136 si
596 3075 653 3134 in
681 3075 923 3135 humido
953 3073 1109 3152 ligno
1131 3075 1257 3136 haec
1286 3072 1601 3148 faciunt,in
1632 3072 1801 3134 arida
1830 3070 1966 3151 quid
1995 3069 2155 3131 fiet?»

2249 3081 2288 3135 εἰ
2342 3078 2395 3135 ἐν
2466 3085 2543 3152 τῷ
2611 3077 2754 3156 ὑγρῷ
2815 3076 2950 3152 ξύλῳ
3011 3085 3175 3135 ταῦτα
3216 3084 3480 3148 ποιοῦσιν,
3530 3076 3582 3131 ἐν
3624 3080 3692 3147 τῷ
3725 3071 3841 3149 Eneti!

517 3165 798 3227 Mulieres
816 3161 1053 3242 quidem
1086 3162 1418 3241 (hominum
1440 3180 1632 3242 genus
1662 3169 1750 3223 est
1777 3159 1951 3221 facile
1973 3158 2158 3238 lacry-
2242 3169 2292 3224 τί
2340 3167 2558 3245 γένηται
2594 3184 2609 3241 ;

2676 3189 2698 3222 ο
2764 3169 2820 3222 Al
2882 3167 2978 3240 μὲν
3016 3180 3265 3245 γυναῖκες
3308 3164 3620 3245 (φιλόδακρυ
3668 3165 3754 3240 γὰρ
3799 3162 3850 3215 τὸ

519 3271 686 3314 wans
718 3261 776 3314 et
806 3252 1046 3331 plorans
1077 3251 1245 3331 quasi
1285 3270 1458 3329 grave
1514 3249 1792 3331 quiddam
1848 3247 2164 3309 accidisset

2248 3258 2391 3334 γένος
2435 3257 2521 3311 καὶ
2573 3255 2896 3333 πολύθρηνον
2967 3259 3040 3320 ὡς
3084 3253 3251 3312 δεινοῦ
3292 3276 3433 3318 τινος
3474 3250 3844 3329 ὶπισυμϐαίνον-

517 3342 792 3422 Domino)
818 3340 1074 3420 plorant,
1119 3340 1591 3420 compassionem
1627 3357 1747 3418 prae
1794 3355 1858 3398 se
1907 3337 2165 3398 ferentes

522 3448 792 3509 magnam
827 3439 886 3491 et
917 3429 1264 3507 injustitiam
1297 3427 1792 3490 lamentantes.At
1812 3426 1914 3487 ille
1933 3444 2049 3487 non
2067 3443 2164 3506 ap-

522 3519 756 3600 probat,
783 3517 886 3579 sed
913 3517 1099 3595 magis
1131 3519 1400 3594 increpat
1438 3517 1591 3578 illas.
1628 3514 1973 3577 Voluntaria
2005 3515 2162 3575 enim

520 3607 874 3688 patiebatur.
907 3606 1050 3664 485
1070 3605 1199 3666 Non
1235 3605 1404 3666 decet
1434 3615 1631 3666 autem
1665 3605 1974 3665 lamentari
2029 3621 2164 3664 eum

518 3697 620 3777 qui
649 3704 857 3775 sponte
905 3703 964 3755 et
994 3711 1098 3773 pro
1122 3695 1310 3754 salute
1335 3693 1598 3754 omnium
1621 3693 1854 3773 patitur,
1882 3692 1984 3753 sed
2016 3710 2166 3752 con-

518 3803 729 3863 gruum
757 3793 845 3844 est
869 3792 928 3843 ut
955 3783 1056 3843 ille
1089 3783 1273 3860 magis
1295 3781 1573 3843 laudibus
1605 3783 1884 3842 efferatur
1915 3793 1974 3842 et
2004 3781 2166 3843 cele-

521 3872 1118 3936 bretur.Percrucem
1145 3871 1306 3931 enim
1333 3879 1563 3931 et'mors
1577 3870 1876 3932 destructa
1895 3872 2168 3949 est,etin-

521 3964 726 4024 fernus
739 3961 1013 4041 captivus
1037 3959 1435 4021 est.Lamenta
1454 3959 1613 4021 enim
1630 3979 1747 4020 non
1767 3959 1858 4020 his
1875 3958 1975 4039 qui
1997 3977 2172 4038 Spon-

522 4049 715 4132 te,sed
730 4051 830 4127 qui
843 4057 1073 4127 gravate
1097 4048 1398 4128 patiuntur
1410 4048 1878 4111 consolationem
1893 4049 2165 4110 afferunt.

518 4139 776 4205 Proinde
807 4137 1094 4198 Dominus
1125 4137 1254 4197 illas
1271 4155 1402 4216 quae
1425 4138 1617 4217 ipsum
1652 4135 2168 4212 lugebant,incre-

521 4230 945 4312 pat.Admonet
975 4235 1169 4287 autem
1202 4233 1266 4285 ut
1293 4225 1364 4286 ad
1402 4226 1598 4287 futura
1634 4227 1786 4286 mala
1817 4225 2168 4305 resPiciant,

521 4329 580 4382 et
610 4316 964 4400 propterilla
997 4314 1495 4394 plorent.quando
1524 4314 1806 4376 mulieres
1829 4314 1888 4374 in
1915 4313 2173 4378 humane

2245 3368 2334 3409 τος
2376 3350 2453 3418 τῷ
2512 3343 2710 3424 Κυρίῳ)
2763 3346 3028 3423 θρηνοῦσι,
3089 3346 3150 3400 τὸ
3209 3343 3476 3419 συμπαθὲς
3529 3340 3858 3424 έπιδεικνύμεο

2248 3457 2355 3514 ναι,
2441 3435 2526 3490 καὶ
2591 3422 2701 3500 τὴν
2785 3422 2984 3489 ἀδικίαν
3047 3431 3454 3512 ἀποδυρόμεναι,
3535 3422 3592 3489 Ὀ
3660 3429 3710 3486 δὲ
3779 3431 3860 3485 ούκ

2249 3520 2595 3602 ἀποδέχεται,
2639 3520 2774 3578 ἀλλὰ
2803 3520 3005 3596 μᾶλλον
3051 3521 3270 3598 ἐπιτιμᾷ
3320 3521 3534 3584 αὒταϊς,
3593 3519 3860 3578 Ἐιουσίως

2249 3613 2348 3690 γὰρ
2404 3611 2634 3691 ἔπασχε,
2693 3617 2768 3685 τῷ
2811 3610 2865 3667 δὲ
2907 3611 3155 3674 ἑκουσίως
3212 3610 3502 3689 πάσχοντι,
3549 3611 3637 3664 καὶ
3666 3608 3747 3664 ἐπὶ
3774 3628 3864 3661 σω-

2250 3702 2406 3779 ττιρίᾳ
2431 3701 2608 3767 πάσης
2667 3700 2762 3768 τῆς
2827 3701 3053 3780 φύσεως,
3085 3705 3146 3759 ού
3191 3703 3251 3755 τὸ
3279 3703 3613 3779 θρηνεῖσθαι,
3650 3696 3776 3754 ἄλλᾶ
3815 3697 3866 3750 τὸ

2253 3792 2553 3869 κροτεῖσθαι
2604 3791 2860 3868 προσήκει
2903 3790 2990 3846 καὶ
3052 3791 3427 3868 εὖφημεῖσθαι.
3485 3789 3582 3843 Δια
3641 3788 3737 3865 γὰρ
3788 3783 3870 3839 τοῦ

2253 3884 2476 3957 σταυροῦ
2519 3879 2604 3934 καὶ
2651 3879 2873 3942 θάνατος
2928 3877 3164 3958 λέλυται,
3222 3879 3308 3933 καὶ
3364 3876 3494 3949 ᾅδης
3567 3874 3869 3956 ᾐχμαλώτιο

2253 3990 2394 4039 σται,
2457 3970 2503 4023 οἱ
2551 3968 2729 4046 θρῆνοι
2787 3968 2885 4045 γὰρ
2943 3969 3002 4024 οὐ
3073 3980 3187 4030 τοῖς
3266 3967 3537 4040 ἑκουσίως,
3597 3964 3729 4021 ἀλλὰ
3768 3975 3872 4024 τοῖς

2253 4057 2511 4119 ἀκουσίως
2562 4056 2830 4136 πάσχουσι
2901 4055 3236 4132 παράκλησιν
3292 4055 3567 4135 φέρουσιν.
3638 4055 3873 4126 Ἐπιτιμᾷ

2254 4147 2352 4221 μὲν
2393 4147 2483 4200 οὖν
2515 4148 2698 4207 αύτατς
2741 4145 3093 4219 κοπτομέναις
3141 4144 3295 4200 αὒτόν
3331 4160 3347 4217 ;
3379 4149 3636 4222 Παραινεῐ
3665 4141 3719 4198 δέ
3758 4140 3874 4219 πρὸς

2254 4236 2318 4291 τὰ
2377 4233 2640 4309 μέλλοντα
2695 4236 2833 4290 κακὰ
2890 4232 3128 4310 βλέπειν,
3189 4234 3275 4290 καὶ
3331 4229 3414 4288 ἐπ’
3445 4232 3664 4295 ἐκείνοις
3692 4232 3876 4287 κόπτε-

2257 4326 2397 4397 σθαι,
2431 4321 2516 4378 ὅτε
2549 4335 2797 4400 γυναῖκες
2845 4321 3102 4397 έψήσουσι
3162 4323 3226 4377 τὰ
3277 4321 3432 4377 τέκνα
3468 4323 3636 4377 αὐτῶν
3666 4317 3876 4382 ἀνελεη·

519 4418 774 4473 οοειυτω
805 4414 943 4466 sunt
986 4403 1347 4502 ﬁliossuos,
1395 4412 1453 4464 et
1499 4413 1706 4464 venter
1742 4404 1839 4483 qui
1897 4409 2167 4505 portavit1

2258 4411 2459 4490 μόνως,
2492 4413 2580 4467 καὶ
2636 4412 2670 4478 ἡ
2719 4410 2975 4488 ἐνέγκασα
3031 4410 3237 4488 γαστὴρ
3277 4409 3409 4476 αὐτὴ
3455 4408 3614 4464 πάλιν
3673 4409 3732 4463 τό
3767 4427 3880 4483 γεν-

519 4499 622 4560 ille
653 4497 868 4556 iterum
899 4491 1320 4553 miserabiliter
1349 4491 1604 4552 fructum
1637 4509 1805 4551 suum
1830 4491 2172 4570 recipiet.Si

522 4587 682 4650 enim
715 4585 772 4643 in
807 4600 901 4642 me
932 4580 1068 4642 talia
1099 4579 1370 4641 fecerunt
1401 4579 1736 4658 Romani,in
1773 4597 1867 4639 me
1889 4579 2047 4657 ligno
2072 4577 2175 4636 bu-

525 4670 899 4743 mido,feraci
922 4677 1234 4748 etsemper
1255 4669 1559 4742 virenti,et
1579 4685 1818 4747 semper
1844 4667 2005 4729 vitali
2030 4685 2174 4744 pro-

525 4772 655 4845 pter
678 4761 982 4830 deitatem,
1017 4765 1071 4818 et
1108 4775 1213 4836 per
1234 4757 1540 4818 doctrinas
1569 4757 1869 4820 fructuum
1906 4774 2172 4845 meorum

524 4844 720 4913 alente
744 4865 992 4910 omnes:
1027 4846 1085 4906 in
1121 4845 1308 4919 vobis,
1347 4846 1564 4926 populo
1599 4846 1837 4925 inquam
1871 4845 2060 4916 arido,
2095 4844 2172 4904 li-

522 4959 638 5020 gno
662 4936 858 5000 sterili
882 4935 954 4996 ab
987 4935 1151 4996 omni
1179 4935 1407 4997 vivifica
1425 4935 1749 5014 justitia,et
1772 4935 1999 4996 nullum
2023 4933 2173 4995 fruc-

522 5041 644 5090 tum
672 5025 1130 5105 aﬂ‘erente,quid
1165 5043 1281 5085 non
1305 5023 1555 5086 facient?
1581 5023 1642 5085 Si
1675 5023 1833 5086 enim
1857 5022 2173 5104 quamdam

522 5117 755 5179 vitalem
788 5117 1192 5196 operationem
1225 5113 1366 5174 boni
1413 5112 1734 5188 haberetis,
1771 5110 2036 5174 fortassis
2080 5113 2173 5173 di-

524 5207 622 5286 gni
648 5205 1102 5286 essetis,quibus
1132 5203 1571 5284 quodammodo
1605 5211 1980 5284 parceretur:
2017 5221 2175 5264 nunc

524 5305 720 5358 autem
758 5294 922 5376 quasi
955 5293 1179 5373 lignum
1229 5293 1460 5354 aridum
1501 5291 1560 5352 in
1593 5291 2066 5354 combustionem
2119 5299 2177 5351 et

525 5384 967 5464 corruptionem
999 5383 1185 5444 eritis.

607 5477 791 5543 Vsus.
817 5474 1464 5542 32-38.«Ducebantur
1481 5483 1677 5537 autem
1707 5483 1765 5536 et
1785 5475 1884 5535 alii
1900 5474 2016 5536 duo
2035 5476 2174 5536 faci-

605 5639 659 5684 ⁸³
686 5640 816 5701 Act.
853 5655 917 5713 ιι,
957 5654 1036 5698 νι.
1123 5634 1310 5697 “lsa.
1347 5651 1466 5698 uv.

2257 4500 2410 4566 νηθὲν
2460 4498 2699 4563 ἐλεεινῶς
2756 4497 3078 4564 ὑποδέξεται.
3125 4500 3184 4556 Εἰ
3252 4499 3352 4576 γὰρ
3412 4497 3466 4552 ἰν
3516 4496 3634 4572 ἐμοὶ
3681 4500 3879 4552 τοιαῦτα

2257 4586 2583 4653 ἐπεδείξαντο
2635 4591 2681 4645 οἱ
2727 4578 3009 4663 Ῥωμαῖοι,
3057 4587 3112 4643 έν
3168 4587 3286 4663 ἐμοὶ
3331 4591 3407 4659 τῷ
3433 4589 3577 4664 ύγρῷ
3605 4584 3762 4659 ξύλῷ,
3817 4583 3881 4654 τῷ

2257 4675 2531 4753 έγκάρπῳ,
2577 4677 2664 4732 καὶ
2712 4675 2972 4750 ἁειθαλετ,
3019 4676 3106 4732 καὶ
3154 4675 3364 4748 ἀειζώῳ
3405 4673 3490 4729 διὰ
3519 4675 3617 4741 τὴν
3646 4672 3878 4742 θεότητα,

2255 4766 2342 4821 καὶ
2400 4762 2483 4820 διὰ
2534 4766 2641 4822 τῶν
2709 4769 2925 4844 καρπῶν
3008 4786 3110 4842 μου
3179 4770 3280 4831 τῆς
3353 4761 3689 4829 διδασκαλίας
3770 4759 3883 4838 τρί-

2256 4876 2404 4934 φοντι
2463 4855 2665 4919 πάντας
2700 4870 2716 4886 ⁸
2774 4855 2828 4911 έν
2877 4857 3029 4930 ὑμῖν,
3087 4854 3165 4928 τῷ
3221 4853 3357 4929 λαῷ,
3404 4854 3565 4932 φημὶ,
3625 4857 3704 4926 τῷ
3759 4850 3882 4928 ξηρῷ

2259 4942 2416 5023 ξύλῳ,
2461 4951 2538 5018 τῷ
2592 4945 2769 5013 πάσης
2821 4944 3158 5010 δικαιοσύνης
3227 4948 3490 5014 ζωοποιοῦ
3539 4939 3879 5022 έστερημένῳ,

2258 5035 2345 5091 καὶ
2402 5031 2604 5108 μηδένα
2662 5035 2865 5114 καρπὸν
2922 5033 3154 5115 φέροντι,
3203 5034 3252 5088 τί
3281 5033 3373 5089 οὒκ
3415 5030 3476 5087 ἂν
3507 5029 3876 5104 έπεδείξαιντο;

2260 5125 2318 5180 El
2347 5123 2446 5198 μὲν
2497 5124 2598 5202 γὰρ
2649 5123 2833 5204 εἴχετε
2889 5124 3120 5194 ζωτικήν
3154 5142 3274 5178 τινα
3314 5120 3579 5200 ἐνέργειαν
3627 5126 3722 5178 τοῦ
3759 5119 3880 5196 ἄγα·

2257 5215 2371 5285 θοῦ,
2434 5210 2569 5275 ἴσως
2621 5212 2683 5268 ἂν
2741 5210 2948 5292 φειδοῦς
3007 5209 3266 5278 ἠξιώθητε
3311 5210 3523 5288 μετρίας
3576 5216 3705 5288 γοῦν
3737 5225 3754 5244 ο
3811 5206 3880 5261 νῦν

2259 5300 2312 5357 δὲ
2367 5302 2440 5366 ὣς
2485 5300 2641 5380 ξηρὸν
2727 5300 2876 5367 ξύλον
2955 5302 3028 5365 είς
3082 5306 3268 5356 καῦσιν
3342 5299 3431 5355 καὶ
3498 5299 3572 5363 είς
3626 5293 3876 5379 διαφθορὰν

2259 5389 2457 5452 ἔσεσθε.

2338 5479 2599 5559 ’Ἥγοντο
2644 5479 2701 5538 δὲ
2761 5483 2847 5538 καὶ
2899 5479 3063 5560 Ιτεροι
3121 5477 3210 5536 δύο
3284 5486 3568 5557 κακοῦργοι
3614 5482 3708 5536 σὺν
3761 5469 3872 5543 πῧτᾷ

4047 4587 4053 4688 1

4043 5725 4052 5800 l

4043 5803 4053 5854 ι
