4140 6280
499 332 654 397 1103

493 548 641 618 nihil
670 552 809 615 mali
834 550 1120 633 gessit.Et
1140 549 1376 611 dicebat
1397 549 1468 609 ad
1496 548 2145 619 Jesum:Domine,me-

493 653 693 707 mento
729 642 847 703 mei
876 659 1009 702 cum
1044 640 1275 700 veneris
1307 639 1366 697 in
1402 655 1650 715 regnum
1685 644 1875 696 tuum.
1911 634 1982 697 Et
2003 633 2147 695 dixit

492 734 578 796 illi
625 736 838 796 Jesus:
873 732 1067 791 Amen
1100 728 1231 788 dico
1268 726 1396 805 tibi,
1434 726 1612 787 hodie
1669 742 1902 785 mecum
1936 723 2055 785 eris
2084 722 2145 783 in

494 821 788 902 paradiso.
823 844 850 874 »
878 815 1187 888 Quomodo
1214 815 1395 893 igitur
1424 814 1523 874 alii
1577 812 1950 902 evangelistae
1988 811 2145 902 duos

491 899 751 974 latrones
776 909 982 970 dicunt
1011 904 1265 966 convitia
1298 906 1357 963 in
1391 922 1523 964 eum
1548 899 2145 990 jecisseWerisimile

487 1012 686 1065 autem
702 1006 790 1061 est
812 995 967 1077 quod
990 994 1248 1075 primum
1273 991 1512 1072 quidem
1536 991 1652 1051 duo
1680 1007 1816 1051 eum
1844 989 2142 1050 convitiatt

490 1093 631 1165 sint,
661 1087 883 1149 deinde
910 1101 1063 1143 unus
1088 1099 1292 1143 eorum
1316 1079 1614 1141 cordatior
1630 1095 1955 1158 agnoscens
1978 1077 2141 1138 boni-

485 1192 604 1242 tem
639 1187 697 1239 et
746 1174 1112 1237 divinitatem
1160 1172 1297 1231 Jesu
1351 1188 1419 1230 ex
1466 1187 1608 1229 voce
1653 1186 1828 1248 quam
1859 1167 1995 1227 fecit
2033 1182 2138 1246 pro

486 1263 967 1345 cruciﬁgentibus
1004 1283 1016 1323 :
1052 1258 1284 1333 «Pater,
1320 1256 1798 1332 dicens,remitte
1828 1255 1973 1329 eis;n
2009 1273 2140 1335 quae

483 1378 591 1419 vox
622 1374 743 1416 non
773 1352 961 1413 solum
998 1347 1161 1409 omni
1195 1346 1602 1407 misericordia
1638 1346 1812 1423 plena
1840 1345 2060 1419 est,sed
2083 1354 2140 1406 et

485 1462 755 1524 magnam
790 1439 1198 1502 auctoritatem
1229 1454 1349 1515 prae
1376 1454 1440 1496 se
1472 1435 1746 1497 fert.Non
1770 1434 1931 1524 enim
1961 1432 2130 1494 dixit:

480 1521 753 1612 Domine,
784 1548 887 1591 oro
911 1526 1139 1589 dimitte
1159 1525 1266 1597 eis,
1297 1524 1401 1585 sed
1433 1524 1795 1612 simpliciter
1812 1521 1896 1582 sic
1921 1540 2132 1599 magna

482 1630 788 1707 potestate:
831 1620 1060 1707 (Pater,
1094 1615 1345 1707 remitte
1364 1612 1507 1707 eis,»
1524 1614 1606 1673 Ex
1640 1613 1750 1707 hac
1783 1611 1960 1689 igitur
1988 1629 2130 1673 voce

478 1699 940 1793 agnoscens,qui
966 1705 1128 1784 prius
1148 1710 1275 1763 erat
1289 1699 1904 1793 blasphemus,Jes_u_m
1924 1718 2125 1793 verum
2154 1738 2192 1787 Β

475 1786 971 1882 regem,confutat
997 1791 1319 1882 etalterum
1344 1787 2037 1882 latronem,et‘ad_1esum
2044 1786 2131 1847 di-

481 1876 933 1954 citzthlemento
950 1881 1068 1943 mei
1097 1881 1158 1940 in
1192 1898 1375 1958 regno
1407 1886 1527 1939 tuo.
1566 1903 1594 1934 »
1628 1876 1779 1950 Quid
1812 1877 1988 1955 igitur
2004 1878 2129 1937 Do-

477 1973 935 2041 minus‘hHodie
960 1986 1189 2031 mecum
1215 1968 1403 2029 erisin
1423 1964 1933 2047 paradiso.»Sicut
1948 1965 2124 2025 homo

474 2069 711 2150 quidem
745 2065 806 2125 in
836 2077 1036 2139 cruce,
1066 2057 1227 2120 Deus
1251 2065 1443 2120 autem
1470 2056 1777 2150 ubique,e_t
1807 2055 2043 2150 illic,Aet
2063 2055 2123 2114 in

473 2142 745 2239 paradiso
768 2150 1024 2231 implens
1056 2147 1344 2220 omnia,et
1367 2163 1665 2239 nusquam
1701 2142 2122 2239 absen_s.Qu_ae-

468 2233 608 2308 runt
635 2251 832 2305 autem
851 2239 1113 2319 quidam,
1139 2236 1435 2316 quomodo
1467 2235 1703 2295 dicente
1727 2233 1981 2295 Domino
2032 2233 2121 2291 la-

467 2330 882 2397 tronichodie
908 2343 1140 2387 mecum
1169 2324 1287 2385 eris
1310 2324 1367 2385 in
1397 2323 1729 2404 paradiso,-
1747 2320 1957 2384 Paulus
1977 2321 2125 2382 dixit

466 2423 624 2505 quod
656 2421 851 2482 nullos
881 2424 1215 2505 sanctorum
1247 2412 1541 2505 receperit
1567 2409 2119 2505 promissionem55?

465 2497 544 2577 Et
570 2511 807 2592 quidam
832 2504 1036 2565 dicunt
1054 2501 1210 2592 quod
1234 2500 1557 2581 Apostolus
1578 2518 1705 2592 non
1736 2498 1811 2560 de
1841 2497 2115 2592 omnibus

469 2587 695 2664 sanctis
726 2600 954 2659 asserat
984 2591 1137 2671 quod
1171 2609 1288 2650 non
1322 2589 1660 2669 recepesint
1689 2587 2110 2668 repromissio-

464 2690 627 2766 nem,
678 2687 782 2748 sed
817 2685 892 2744 de
920 2681 1014 2742 his
1075 2698 1224 2760 quos
1280 2678 1410 2757 ipse
1467 2677 1659 2738 solum
1717 2677 2106 2766 enumeravit.

462 2764 842 2843 Enumeravit
898 2771 1035 2830 487
1098 2776 1290 2829 autem
1316 2767 1465 2827 alios
1486 2766 1725 2846 quidem
1758 2766 1993 2836 multos,
2032 2764 2087 2825 la

462 2869 650 2931 tronis
681 2876 879 2927 autem
916 2878 1035 2920 non
1068 2855 1521 2919 meminit.Audi
1565 2854 1721 2915 enim
1756 2854 1896 2933 quid
1928 2854 2105 2930 dicat,

462 2946 1246 3027 hiomnes,demonstrando
1265 2965 1366 3006 eos
1383 2962 1535 3024 quos
1559 2961 1754 3003 sermo
1775 2952 2106 3024 enumerat,

692 3013 857 3104 latro
873 3045 1340 3131 connumeratus
1358 3013 1608 3131 nonest.
1792 3039 1987 3093 autem
2003 3013 2107 3131 di;
2127 3013 2167 3061 C

458 3119 677 3202 ierunt
696 3131 851 3214 quod
872 3129 1020 3189 latro
1053 3127 1313 3214 nondum
1351 3123 1608 3214 sortitus
1621 3121 1713 3214 _sit
1736 3119 1814 3214 in
1838 3120 2108 3214 paradiso

458 3208 1107 3289 conversationemzsed
1139 3213 1275 3292 quia
1304 3210 1668 3273 invariabilis
1702 3210 1777 3269 sit
1796 3219 1851 3270 et
1872 3208 2109 3273 mentiri

462 3319 717 3395 nequeat
744 3305 980 3371 Domini
1016 3301 1498 3395 promissio,ide_o
1529 3300 1751 3395 dictum
1784 3298 2110 3395 es_se,cHo-

464 3387 819 3468 die-mecum
848 3395 967 3455 eris
995 3393 1055 3452 in
1078 3391 1408 3471 paradiso»
1445 3388 1545 3449 Est
1574 3388 1734 3447 enim
1758 3387 1960 3448 ethaec
1979 3405 2110 3463 spe_

456 3496 578 3556 cies
596 3493 881 3571 phraseos
896 3484 955 3543 in
969 3477 1661 3571 verbisDominicis,utde
1679 3476 1889 3538 futuris
1908 3476 2107 3571 loqua.

457 3591 555 3643 tur
587 3564 860 3656 tanquam
890 3573 964 3631 de
994 3569 1085 3631 his
1115 3587 1247 3648 quae
1270 3569 1395 3646 jam
1420 3568 1561 3627 ﬁant
1598 3586 1610 3627 :
1640 3573 1703 3656 ut
1734 3583 1868 3625 cum
1911 3564 2053 3627 dicit
2089 3593 2103 3633 ε

457 3692 485 3731 ε
517 3670 627 3743 Qui
663 3653 776 3727 non
807 3661 1016 3740 credit,
1035 3660 1156 3737 jam
1204 3658 1498 3737 judicatus
1532 3653 1786 3716 est563et
1813 3672 2049 3743 rursum
2088 3676 2101 3718 :

457 3742 600 3833 «Qui
655 3769 961 3818 sermones
994 3766 1160 3809 meos
1191 3746 1352 3807 audit
1376 3753 1433 3805 et
1459 3744 1671 3833 credit,
1703 3745 1764 3803 in
1808 3742 2103 3822 judicium

452 3832 571 3911 non
595 3846 775 3915 venit,
812 3839 914 3901 sed
940 3837 1207 3901 transivit
1228 3836 1304 3897 de
1329 3842 1518 3895 morte
1551 3832 1611 3893 in
1641 3832 1821 3893 vitam
1850 3834 1973 3889 57-»
1992 3833 2106 3915 Alii

456 3948 658 4001 autem
691 3925 1264 4011 torquentverbum,
1301 3931 1587 4001 punctum
1644 3921 1930 4011 facientes
1974 3941 2107 4011 post

463 4010 815 4098 ohodie,»ut
838 4019 913 4077 sit
943 4017 991 4076 is
1023 4032 1237 4075 sensus
1262 4013 1426 4085 dicti,
1481 4011 1696 4073 «Amen
1717 4010 1850 4072 dico
1876 4010 2105 4079 tibitibi

451 4114 635 4179 hodie
667 4134 678 4173 :
722 4132 750 4171 ι
812 4106 1052 4181 deinde,
1094 4106 1358 4164 «Mecum
1392 4101 1513 4162 eris
1549 4100 1607 4160 in
1644 4100 1970 4180 paradiso,»
1994 4101 2101 4161 ad-

1456 322 2043 391 THEOPHYLACTI
2082 319 2493 387 BULGARLE
2538 324 2891 390 ARCHIEP.

495 467 737 549 quidem
764 465 1096 543 justemam
1131 461 1311 539 digna
1337 460 1500 521 lactis
1528 458 1992 549 recipimuszhic
2011 474 2116 517 vero

2198 456 2304 549 ιιῦν
2396 456 2691 536 ἐπράξαμεν
2774 459 3224 535 ἀπολαμϐάνομεν
3258 477 3272 491 '

3735 324 3918 392 1104

3359 462 3511 524 οὗτος
3609 459 3668 516 δὲ
3756 460 3919 516 οὐδὲν

2229 543 2427 602 ἄτοπον
2487 546 2698 625 ἔπραξε.
2766 551 2863 607 Καὶ
2940 549 3092 628 ἔλεγε
3168 554 3246 625 τῷ
3328 548 3503 618 Ἰησοῦ
3537 567 3551 581 ⁸
3607 552 3917 620 Μνῆσθητί

2228 656 2350 708 μου,
2418 637 2594 716 Κύριε,
2650 635 2775 693 ὅταν
2832 638 2988 714 ἔλθῃς
3042 639 3096 695 ἐν
3165 647 3234 716 τῇ
3296 640 3536 715 βασιλείᾳ
3600 662 3732 702 σου,
3800 637 3911 700 Καὶ

2228 724 2384 780 εἶπεν
2414 726 2554 799 αὑτῷ
2584 726 2612 780 ὃ
2643 725 2850 792 Ἰησοῦς
2888 748 2901 761 ’
2939 728 3112 801 Ἀμὴν
3143 728 3284 807 λέγω
3324 752 3426 804 σοι,
3486 733 3735 809 σήμερον
3781 728 3909 805 μετ’

2226 810 2356 887 ἐμοῦ
2413 813 2507 890 ἔσῃ
2550 813 2602 870 ἐν
2652 822 2728 889 τῷ
2796 814 3117 895 παραδείσῳ,
3167 838 3195 877 ι
3260 825 3379 881 Πῶς
3439 820 3530 876 οῦν
3598 822 3647 875 οἱ
3720 820 3903 897 ἕτεροι

2225 902 2588 981 εὐαγγελισταὶ
2646 905 2764 968 τοὺς
2807 903 2895 962 δύο
2936 905 3137 983 λῃστάς
3169 930 3294 986 φασι
3338 923 3667 988 κατηγορεῖν
3698 908 3898 984 αὒτοῦς

2224 991 2315 1047 Ἐν
2371 992 2517 1071 ἀρχῇ
2572 993 2671 1067 μὲν
2730 995 2869 1058 εἰκὸς
2929 996 3049 1059 τοὺς
3134 995 3224 1053 δύο
3304 1011 3629 1075 κατηγορεῖν
3696 1002 3894 1075 αὒτοῖι,

2222 1083 2341 1135 εἶτα
2423 1082 2515 1136 τὸν
2596 1080 2770 1160 ἕτερον
2842 1083 3014 1139 αὐτῶν
3071 1084 3323 1164 ἀγχίνουν
3379 1084 3525 1163 ὄντα,
3586 1085 3892 1163 ἐπιγνῶναι

2219 1168 2319 1235 τὴν
2369 1168 2549 1236 Ἰησοῦ
2604 1170 2910 1249 ἆγαθότητα
2967 1174 3053 1229 καὶ
3108 1176 3334 1241 θεότητα
3389 1176 3453 1230 ἐκ
3512 1175 3605 1242 τῆς
3663 1176 3884 1254 φωνῆς,

2220 1257 2284 1325 ἧς
2316 1258 2553 1314 ἐποιεῖτο
2594 1260 2723 1338 ὑπὲρ
2764 1267 2871 1316 τῶν
2914 1264 3298 1343 σταυρούντων,
3338 1287 3364 1317 α
3416 1264 3612 1342 Πάτερ,
3673 1263 3881 1342 λέγων,

2222 1345 2349 1426 ἄφες
2406 1351 2610 1410 αὐτοῖς.
2652 1372 2676 1402 η
2739 1350 2811 1405 Οὐ
2865 1351 3027 1424 μόνον
3087 1352 3186 1431 γὰρ
3240 1353 3421 1419 πάσης
3474 1352 3880 1431 φιλανθρωπίας

2222 1435 2398 1515 γέμει,
2474 1435 2609 1491 ἀλλὰ
2666 1441 2753 1493 καὶ
2830 1439 3096 1496 αὒθεντίαν
3168 1438 3377 1507 πολλὴν
3449 1440 3776 1498 ἐνδείκνυται
3844 1444 3878 1509 ἡ

2213 1526 2387 1605 φωνή,
2442 1525 2513 1582 Οὒ
2542 1526 2642 1604 γὰρ
2671 1526 2820 1606 εἷπε,
2871 1528 3047 1607 Κύριε,
3107 1528 3422 1607 παρακαλῶ,
3472 1529 3596 1610 ἄφες
3655 1533 3872 1610 αὑτοῖς,

2212 1613 2332 1668 ἀλλ’
2385 1612 2569 1677 ἀπλῶς
2654 1615 2818 1678 οὕτως
2909 1617 2995 1671 καὶ
3078 1616 3506 1692 ἐξουσιαστικῶς,
3573 1642 3600 1673 ι
3666 1621 3869 1699 Πάτερ,

2214 1699 2340 1781 ἄφες
2384 1706 2591 1767 αὐτοῖς.
2630 1726 2657 1757 ι
2720 1701 2817 1759 Ἐκ
2869 1704 3067 1771 ταύτης
3123 1706 3211 1760 οὖν
3259 1710 3357 1774 τῆς
3402 1711 3582 1785 φωνῆς
3614 1708 3867 1787 ἐπιγνοὺς

2213 1792 2239 1845 6
2294 1790 2546 1868 πρότερον
2602 1789 2942 1871 βλάσφημος,
3007 1794 3096 1849 τὸν
3154 1792 3361 1861 Ἰησοῦν
3412 1794 3670 1862 ἀληθινὸν
3703 1798 3866 1873 βασι-

2210 1875 2304 1932 λέα
2356 1876 2694 1956 ἑπιγνώσκει,
2741 1878 3061 1953 ἐπιστομίζει
3123 1878 3178 1936 δὲ
3228 1883 3317 1940 καὶ
3364 1883 3455 1937 τὸν
3511 1881 3695 1961 ἕτερον
3756 1883 3861 1961 λῃ-

2209 1966 2363 2041 στὴν,
2422 1966 2509 2043 καὶ
2553 1967 2681 2044 πρὸς
2734 1967 2823 2021 τὸν
2868 1966 3073 2035 Ἰησοῦν
3117 1967 3259 2046 λέγει
3295 1985 3309 1999 ·
3372 1991 3395 2025 ε
3437 1973 3716 2041 Μνήσθητί
3760 1996 3857 2048 μου

2208 2053 2260 2109 ἐν
2311 2060 2378 2130 τῇ
2430 2053 2668 2130 βασιλείᾳ
2724 2077 2841 2117 σου.
2892 2079 2914 2112 ιν
2952 2059 3012 2114 Τί
3055 2058 3142 2114 οὖν
3187 2061 3215 2114 6
3278 2060 3461 2138 Κύριος
3492 2079 3508 2132 ;
3545 2083 3572 2115 ι
3608 2063 3854 2140 Σήμερον

2208 2142 2329 2217 μετ’
2383 2143 2512 2219 ἐμοῦ
2566 2143 2662 2220 ἔσῃ
2743 2143 2797 2199 ἐν
2867 2152 2944 2220 τῷ
3027 2145 3344 2226 παραδείσῳ,
3423 2140 3516 2211 Ὠς
3580 2151 3681 2225 μὲν
3757 2152 3850 2227 γὰρ

2206 2231 2499 2311 ἄνθρῶπος,
2586 2232 2639 2287 ἐν
2721 2241 2948 2312 σταυρῷ,
3022 2236 3093 2298 ὡς
3183 2233 3237 2291 δὲ
3300 2240 3454 2317 Θεὸς,
3548 2247 3841 2318 πανταχοῦ,

2205 2320 2387 2401 κᾶκεϊ,
2446 2321 2542 2377 κᾶν
2591 2330 2668 2396 τῷ
2710 2321 3031 2402 παραδείσῳ,
3084 2326 3254 2382 πάντα
3313 2325 3556 2405 πληρῶν,
3604 2331 3693 2385 καὶ
3736 2353 3841 2403 μη-

2202 2406 2372 2485 δαμοῦ
2426 2409 2521 2471 ὤν,
2591 2413 2888 2481 Ζητήσουσι
2948 2410 3003 2467 δέ
3077 2430 3259 2477 τινες⁶
3336 2421 3456 2479 Πῶς
3512 2426 3609 2473 τοῦ
3667 2420 3839 2495 Κυρίου

2197 2495 2445 2576 λέγοντος
2523 2506 2599 2572 τῷ
2674 2498 2873 2579 λῃστῇ,
2962 2524 2989 2555 α
3064 2504 3307 2582 Σήμερον
3389 2505 3507 2579 μετ’
3567 2506 3695 2582 ἐμοῦ
3748 2509 3832 2582 ἔσῃ

2195 2585 2249 2641 ἐν
2305 2592 2383 2660 τῷ
2439 2585 2758 2668 παραδείσῳ,
2855 2613 2881 2643 ι
2944 2591 2972 2645 6
3053 2590 3258 2655 Παῦλος
3330 2592 3429 2671 ἔφη
3468 2612 3481 2624 ⁸
3575 2619 3599 2649 σ
3670 2596 3829 2661 Οὗδεὶς

2193 2683 2297 2732 τῶν
2350 2676 2514 2754 ἁγίων
2575 2678 2860 2752 ἐκομίσατο
2915 2679 3011 2746 τὴν
3056 2679 3422 2762 ἐπαγγελίαν,
3478 2704 3507 2742 ι
3566 2688 3660 2741 Καί
3704 2708 3819 2747 τινες

2194 2765 2461 2841 λέγουσιν,
2525 2766 2605 2823 ὅτι
2638 2770 2665 2823 6
2696 2766 3022 2833 Ἀπόστολος
3068 2771 3127 2826 οὐ
3157 2772 3274 2849 περὶ
3303 2772 3520 2829 πάντων
3548 2777 3645 2830 τῶν
3668 2777 3807 2850 ἐγίων

2192 2854 2500 2935 ἀπεφήνατο
2578 2858 2637 2911 τὸ
2735 2856 2813 2931 μὴ
2899 2858 3213 2933 κομίσασθαι
3297 2861 3401 2927 τὴν
3502 2860 3790 2939 ἐπαγγελίαν,

2192 2941 2326 2998 ἀλλὰ
2414 2945 2530 3023 περὶ
2608 2947 2683 3000 ὧν
2753 2944 3163 3022 ἀπηριθμήσατο
3248 2948 3410 3019 μόνον
3447 2969 3458 2980 ·
3533 2951 3791 3027 ἀπηριθμή-

2191 3053 2319 3087 σατο
2362 3030 2416 3087 δὲ
2473 3031 2661 3095 ἄλλους
2694 3034 2793 3108 μὲν
2822 3032 3078 3110 πολλοὺς,
3111 3043 3203 3092 τοῦ
3233 3034 3287 3092 δὲ
3314 3036 3517 3113 λῃστοῦ
3547 3038 3655 3098 οὐδὲ
3697 3039 3800 3094 ἒπε-

2192 3123 2422 3195 μνήσθη.
2490 3121 2703 3179 ’¹Ακουε
2760 3124 2860 3201 γὰρ
2902 3124 2952 3180 τί
2994 3146 3154 3206 φησιν
3193 3145 3207 3159 ⁸
3257 3126 3413 3184 Οὗτοι
3463 3129 3673 3200 πάντες,
3716 3128 3806 3183 δει-

2189 3217 2385 3274 κτικῶς
2442 3213 2571 3288 πρὸς
2621 3212 2744 3274 τοὺς
2802 3212 3270 3291 ἀπηριθμημένους
3332 3217 3421 3272 τὸν
3480 3215 3640 3293 λόγον
3698 3218 3814 3273 ἀνα-

2192 3298 2386 3378 φέρων,
2420 3303 2505 3363 οἷς
2560 3302 2587 3355 6
2641 3297 2845 3376 λῃστὴς
2906 3305 2965 3359 οῦ
3042 3304 3447 3381 συνηρίθμηται.
3504 3305 3721 3385 ’Ἐτεροι
3770 3305 3817 3362 δί

2193 3385 2412 3466 ἔφασαν,
2483 3386 2564 3443 ὅτι
2650 3386 2766 3445 οῦδὲ
2840 3391 2868 3445 6
2926 3388 3128 3468 λῃστὴς
3187 3390 3335 3449 οῧπω
3415 3393 3575 3473 ἔτυχε
3632 3401 3723 3462 τῆς
3770 3396 3817 3452 ἐν

2189 3483 2266 3550 τῷ
2322 3475 2619 3554 παραδείσῳ
2703 3475 3004 3559 διαγωγῆς,
3081 3478 3203 3536 ἀλλ’
3276 3480 3459 3549 ἐπειδη
3518 3484 3820 3559 άμετάθετος
3900 3495 3905 3498 ’

2190 3566 2276 3621 καὶ
2357 3563 2703 3641 ἀδιάψευστος
2785 3570 2819 3636 ἡ
2912 3576 3006 3627 τοῦ
3092 3570 3276 3646 Κυρίου
3345 3571 3663 3654 ὑπόσχεσις,
3744 3572 3820 3629 διὰ

2189 3660 2344 3710 τοῦτο
2400 3652 2611 3732 εἴρηται
2661 3657 2747 3735 τὸ,
2809 3679 2837 3711 α
2872 3658 3115 3736 Σήμερον
3147 3656 3264 3734 μετ’
3312 3658 3445 3731 ἐμοῦ
3498 3660 3594 3738 ἔσῃ
3649 3652 3703 3720 ἐν
3754 3667 3824 3736 τῷ

2186 3740 2511 3822 παραδείσῳ.
2556 3767 2577 3798 ι
2642 3742 2808 3802 ’Ἔστι
2847 3746 2945 3824 γὰρ
3004 3747 3091 3802 καὶ
3134 3755 3372 3804 τοιοῦτον
3434 3747 3602 3831 εἶδος,
3656 3754 3822 3833 φασὶν,

2188 3831 2241 3887 ἐν
2283 3844 2401 3896 τοῖς
2458 3839 2550 3888 τοῦ
2608 3834 2793 3912 Κυρίου
2849 3834 3104 3914 ῥήμασιν,
3164 3836 3218 3891 ἐν
3277 3840 3361 3901 οἷς
3405 3839 3523 3916 περὶ
3564 3831 3679 3897 τῶν
3712 3831 3824 3897 Evt?

2188 3924 2305 3977 σθαι
2356 3920 2682 3996 μελλόντων,
2718 3924 2791 3985 ὡς
2822 3920 2925 3989 ἤδη
2956 3924 3256 4001 γενομένων
3284 3924 3547 3991 διέξεισιν.
3588 3921 3680 3994 Ὠς
3709 3930 3825 3987 ὅταν

2188 4008 2321 4086 λέγῃ
2355 4028 2370 4044 ⁸
2438 4031 2461 4066 α
2501 4001 2556 4068 Ὀ
2602 4012 2679 4087 μὴ
2722 4013 3009 4093 πιστεύων,
3041 4011 3141 4081 ἤδη
3173 4014 3432 4095 κέκριται,
3470 4037 3492 4072 ι
3534 4019 3621 4073 καὶ
3648 4020 3822 4076 πάλιν·

2195 4119 2219 4154 tt
2257 4091 2314 4155 Ὀ
2345 4105 2451 4155 τῶν
2486 4097 2661 4177 λόγων
2705 4123 2808 4175 μου
2836 4100 3071 4176 ἀκούων,
3117 4104 3207 4160 καὶ
3248 4105 3533 4185 πιστεύων,
3566 4108 3638 4171 είς
3668 4111 3827 4184 κρίσιν

442 4196 1006 4285 jicientes.Quidam
1028 4190 1574 4285 vero,quimaxime_
1599 4208 1838 4285 sensum
1859 4188 2104 4285 assequi

2223 4190 2238 4211 9
2339 4186 2364 4208 κ
2637 4189 2650 4209 9
2738 4190 2753 4207 \
2956 4187 3009 4214 PI
3411 4200 3433 4210 -
3603 4196 3615 4217 I

2198 4210 2283 4245 ουκ
2341 4209 2578 4267 ερχεται,
2628 4188 2766 4245 αλλα
2816 4189 3179 4265 μεταοεϐηκεν
3234 4194 3298 4247 ἐκ
3346 4215 3437 4249 του
3491 4197 3714 4253 θανατου
3760 4200 3825 4259 εἰς

445 4275 553 4355 visi
606 4297 767 4362 sunt,
802 4289 876 4347 sit
907 4292 1210 4365 exponunt
1244 4300 1257 4343 :
1294 4279 1680 4360 Repromissa
1736 4279 1906 4340 nobis
1946 4279 2100 4340 bona

2198 4276 2281 4344 τὴν
2311 4278 2475 4346 ζωήν.
2522 4301 2543 4331 ι
2581 4275 2785 4335 ’θΑλλοι
2815 4276 2868 4335 δὲ
2912 4276 3240 4351 ἐκϐιάζονται
3271 4282 3330 4337 τὸ
3358 4283 3530 4360 ῥῆμα,
3573 4284 3825 4351 στίξοντας

446 4402 565 4444 non
600 4387 741 4442 sunt
771 4378 1072 4453 ingressus
1103 4374 1160 4432 in
1195 4366 1652 4451 paradisum,vel
1702 4366 1946 4446 reditus,
1992 4367 2095 4428 sed

444 4488 694 4550 regnum
720 4460 1198 4529 ccelorumzunde
1224 4469 1282 4521 et
1311 4456 2095 4550 oramus,«Veniatregnum

445 4544 734 4632 mimae,»
770 4572 889 4616 non
920 4548 1290 4612 conversatio
1320 4547 1419 4607 illa
1464 4548 1522 4606 in
1556 4544 1855 4625 paradiso.
1890 4548 2097 4624 Neque

444 4650 602 4712 enim
639 4646 783 4708 mihi
815 4643 975 4704 dicat
1000 4637 1214 4718 aliquis
1241 4634 1396 4716 quod
1431 4634 1590 4695 idem
1615 4632 1689 4693 sit
1715 4632 2021 4711 paradisus
2042 4641 2099 4694 et

445 4756 720 4816 regnum.
754 4736 921 4796 Bona
971 4728 1131 4788 enim
1164 4724 1334 4803 regni
1364 4746 1387 4780 α
1425 4740 1620 4816 neque
1643 4721 1806 4816 auris
1853 4721 2091 4816 audivit,

443 4810 638 4907 neque
672 4822 880 4886 oculus
904 4817 1066 4890 vidit,
1092 4816 1363 4893 nequein
1390 4829 1492 4872 cor
1514 4810 1772 4907 hominis
1800 4810 2092 4907 ascende-

441 4897 581 4976 runt
605 4914 730 4976 59.»
769 4906 1117 4973 Paradisum
1150 4912 1346 4963 autem
1368 4909 1425 4962 et
1442 4898 1648 4961 oculus
1670 4899 1815 4960 Adae
1838 4897 2001 4971 vidit,
2038 4910 2095 4963 et

438 5004 598 5065 auris
624 5000 843 5063 audivit
863 4996 935 5056 de
963 5012 1095 5054 eo.«
1126 4991 1211 5053 De
1229 4989 1507 5052 omnibus
1531 4987 1687 5048 enim
1723 4985 1955 5065 lignis,»
1993 4987 2090 5047 in-

438 5093 590 5175 quit,
606 5109 771 5172 «quae
800 5094 937 5149 sunt
953 5083 1015 5144 in
1035 5079 1527 5175 paradiso,edens_
1542 5076 1797 5175 comede
1818 5074 2087 5175 40.nNam

437 5166 576 5243 licet
608 5166 792 5242 unum
816 5181 1039 5237 tantum
1074 5171 1297 5249 lignum
1332 5167 1721 5228 interdictum
1754 5166 1827 5225 sit
1854 5166 1960 5238 eis,
1997 5174 2084 5227 ta-

439 5289 575 5333 men
610 5271 878 5349 etipsum
911 5261 1207 5337 viderunt,
1233 5257 1381 5320 etde
1408 5256 1536 5338 ipso
1568 5255 1898 5316 audierunt.
1934 5254 2085 5316 Etin

2184 4366 2257 4427 εἷς
2315 4367 2375 4420 τὸ
2443 4388 2469 4420 α
2516 4367 2783 4445 Σήμερον,
2842 4390 2864 4423 ο
2913 4366 2989 4422 ἵν’
3033 4370 3069 4443 ᾖ
3123 4372 3185 4425 τὸ
3230 4370 3517 4447 λεγόμενον
3570 4386 3821 4435 τοιοῦτον·

2156 4506 2157 4509 η
2189 4477 2216 4508 α
2246 4450 2420 4528 Ἀμὴν
2450 4452 2591 4533 λέγω
2619 4457 2701 4511 σοὶ
2731 4457 2962 4530 σήμερον
2989 4476 3003 4490 ο
3044 4480 3069 4512 ι
3106 4458 3231 4515 εἷτα
3252 4460 3334 4535 τὸ,
3368 4483 3394 4513 α
3423 4459 3542 4535 μετ’
3574 4463 3705 4538 ἐμοῦ
3735 4465 3826 4543 ἔσῃ

2182 4543 2236 4598 ἐν
2267 4545 2342 4615 τῷ
2384 4542 2706 4624 παραδείσῳ,
2745 4568 2773 4600 in
2837 4544 3196 4625 ἐπιφέροντες,
3250 4549 3396 4612 Τινὲς
3431 4548 3485 4605 δὲ
3517 4553 3563 4606 οἱ
3596 4542 3826 4627 μάλιστα

2180 4630 2460 4711 ἐπιτυχεῖν
2509 4629 2775 4708 δόξαντες,
2838 4632 3005 4697 οὕτως
3049 4633 3358 4713 ἐξηγοῦνται
3392 4653 3406 4668 '
3443 4640 3518 4697 Τὰ
3550 4639 3825 4720 ἐπηγγελ-

2180 4720 2310 4795 μένα
2367 4723 2503 4795 ἡμϊν
2552 4720 2720 4799 ἆγαθέι
2762 4721 2856 4778 οὒκ
2916 4724 2990 4784 εἰς
3046 4724 3138 4779 τὸν
3194 4722 3512 4804 παράδεισον
3582 4726 3824 4809 διαγωγή

2178 4812 2318 4897 ἐστιν
2413 4808 2666 4874 ἐπάνοδος
2700 4808 2843 4889 (11),
2877 4808 2998 4866 ἀλλ’
3027 4813 3061 4879 ἡ
3119 4814 3359 4889 βασιλεία
3407 4821 3513 4871 τῶν
3545 4808 3779 4897 οῦρανῶν
3812 4839 3823 4851 ·

2177 4890 2341 4956 U065v
2371 4901 2459 4955 καὶ
2488 4899 2921 4989 προσευχόμεθα,
2960 4922 2989 4954 α
3008 4899 3256 4989 ,Ἐλθέῖω
3305 4905 3338 4970 ἦ
3371 4890 3615 4979 βασιλείέ
3642 4930 3764 4989 σου)
3794 4928 3820 4966 )

2171 4988 2264 5045 οὒκ
2306 4991 2347 5077 ἡ,
2387 4987 2472 5043 ἐπὶ
2513 4988 2603 5043 τοὺ
2646 4986 2959 5077 παραδείσου
3002 4987 3268 5068 διατριϐή.
3320 4992 3409 5059 Μὴ
3443 4994 3542 5072 γάρ
3574 5018 3668 5069 μοι
3700 4986 3821 5077 φάίη

2169 5101 2273 5158 τις,
2320 5076 2401 5134 ὅτι
2464 5077 2654 5133 ταύτὸν
2722 5074 3036 5155 παράδεισος
3117 5080 3205 5139 καὶ
3260 5079 3528 5157 βασιλεία,
3592 5086 3671 5144 Τὰ
3714 5074 3819 5162 ἡμὶν

2169 5169 2269 5247 γὰρ
2327 5167 2497 5246 ἀγαθὰ
2552 5170 2650 5233 τῆς
2712 5164 2982 5241 βασιλείας
3042 5166 3159 5223 οὕτε
3218 5168 3308 5233 οῦς
3378 5169 3629 5252 ἤκουσεν,
3708 5176 3819 5231 οὐτε

2168 5255 2435 5336 ὀφθαλμὸς
2480 5252 2646 5334 εἶδεν,
2707 5253 2823 5310 οὔτε
2865 5254 2950 5313 ἐπὶ
3021 5255 3235 5336 καρδίαν
3288 5259 3563 5337 ἀνθρώπου
3608 5260 3769 5330 ἀνέϐη
3801 5279 3815 5294 ’

512 5430 565 5472 ³⁵
593 5428 781 5492 Hebr.
815 5446 877 5503 ιι,
911 5426 1006 5487 13.
1035 5420 1093 5465 ³⁸
1122 5422 1289 5482 Joan.
1319 5434 1405 5491 tu,
1443 5416 1534 5477 18.
1571 5416 1623 5458 37
1651 5414 1823 5501 Joan.
1859 5434 1914 5490 v,
1946 5415 2045 5478 94.
2081 5416 2116 5461 at

2198 5414 2371 5480 latth.
2406 5430 2487 5491 vn,
2522 5413 2618 5479 10.
2651 5409 2705 5456 3°
2735 5411 2761 5475 Ι
2790 5410 2925 5476 Cor.
2969 5431 3035 5494 ιι,
3068 5415 3127 5481 6.
3161 5417 3224 5469 ιο
3251 5415 3400 5480 Gen.
3435 5433 3501 5493 ιι,
3543 5420 3638 5486 16.

1509 5576 1591 5637 Ex
1623 5576 1938 5639 collatione
1971 5578 2148 5641 codd.

514 5722 639 5833 (lt)
661 5747 817 5822 Cod.
846 5746 948 5822 30,
980 5742 1193 5808 εἴσοδός
1225 5720 1364 5797 ἐστιν
1386 5740 1421 5809 ἢ
1442 5737 1714 5805 ιπάνοδος.
1756 5700 1757 5703 λ

2186 5577 2400 5641 Venet.
2437 5574 2495 5639 S.
2535 5576 2737 5641 Marci.
