4140 6280
397 410 549 485 nos

1049 423 1493 485 ENABRATIO
1535 399 1617 486 IN
1663 416 2173 484 EVANGELIUM
2220 418 2461 481 LUGE.
2507 451 2587 463 —
2630 421 2795 481 CAP.
2840 415 3064 481 XXIII.

3607 417 3776 485 1106

392 554 485 609 τὸν
516 550 571 607 δὲ
614 551 932 631 παράδεισον
962 553 1051 608 καὶ
1108 552 1376 632 ὀφθαλμὸς
1422 551 1535 607 εἶδε
1583 560 1675 608 τοῦ
1719 549 1909 626 Ἀδὰμ,
1958 552 2045 605 καὶ

2136 565 2230 610 cor
2259 550 2522 612 hominis
2562 549 2836 613 ascendit
2885 570 2899 609 :
2934 547 3243 612 laetabatur
3278 550 3438 612 enim
3470 548 3531 611 in
3558 553 3771 631 spiritu

394 644 485 704 οὖς
540 639 765 705 ἤκουσεν
816 648 971 698 αῦτοῦ
1021 661 1046 697 ι
1095 640 1200 696 ἀπὸ
1273 642 1469 701 παντὸς
1528 641 1650 718 γὰρ,
1702 640 1854 718 φησὶ,
1898 637 2046 703 ξύλου

396 736 489 786 τοῦ
547 728 600 784 ἐν
659 738 734 804 τῷ
778 729 1078 807 παραδείσῳ
1120 729 1309 806 βρώσει
1363 742 1548 807 φαγεϊ.
1586 752 1613 783 ι
1654 727 1759 785 Κᾶν
1817 729 1916 806 γὰρ
1957 726 2045 782 καὶ

394 817 451 873 ἓν
503 818 654 884 ξύλον
685 819 942 896 ἀπείρητο
988 820 1153 896 αὐτῷ,
1200 816 1319 873 ἀλλ’
1366 820 1454 873 οὗν
1497 819 1583 872 καὶ
1626 824 1782 873 τοῦτο
1842 816 2043 888 ἐθεᾶτο,

398 910 488 964 καὶ
548 909 667 987 περὶ
724 912 880 966 αὐτοῦ
935 907 1153 975 ἤκουσε,
1221 908 1308 962 καὶ
1366 905 1449 962 ἐπὶ
1505 904 1715 984 καρδίαν
1775 905 2045 982 ἀνθρώπου

399 995 563 1063 ἀνέϐη
600 1012 613 1025 ’
672 997 984 1076 ἀῦφραίνετο
1043 996 1136 1075 γὰρ
1191 994 1419 1071 λογικῶς
1476 996 1503 1049 6
1557 992 1726 1068 Ἀδάμ
1762 1010 1774 1023 ·
1830 994 1889 1048 οὗ
1946 994 2044 1071 γὰρ

398 1084 570 1154 δήπου
624 1086 875 1152 τοιαύτην
958 1084 1205 1160 ἐργασίαν
1286 1086 1374 1139 καὶ
1431 1082 1753 1161 εὖφροσύνην
1812 1103 2043 1159 γεωργι-

401 1175 501 1241 κὴν
559 1173 750 1248 μετίει,
795 1172 964 1230 ’Ὥστε
994 1170 1164 1245 οὐδὲν,
1220 1172 1372 1253 φησὶ,
1405 1171 1634 1228 ἐναντίον
1663 1174 1690 1227 6
1723 1169 1926 1234 Παῦλος
1954 1169 2047 1226 λέ-

401 1283 507 1339 γει,
561 1255 617 1320 Ὀ
662 1264 761 1342 γὰρ
834 1262 1039 1339 λῃστὴς
1097 1269 1187 1319 τοῦ
1245 1262 1343 1336 μὲν
1397 1258 1709 1338 παραδείσου
1765 1260 2057 1339 τετύχηκε,

402 1356 500 1417 τῆς
562 1348 615 1405 δὲ
669 1351 938 1427 βασιλείας
1011 1354 1106 1408 οῦκ
1157 1348 1359 1429 ἔτυχε’
1438 1348 1643 1413 τεύξετε
1704 1346 1781 1422 δὲ,
1838 1348 1926 1403 ὅτε
1970 1345 2059 1405 καὶ

403 1440 596 1504 πάντες
637 1448 727 1503 οῦς
792 1440 1207 1519 ἀπηριθμήσατο
1272 1441 1299 1494 6
1347 1436 1577 1501 Παῦλος,
1626 1436 1767 1501 Τέως
1812 1434 1865 1492 δὲ
1925 1440 2058 1515 πρὸς

403 1529 465 1584 τὸ
520 1529 687 1606 παρὸν
738 1530 827 1584 τὸν
886 1524 1202 1606 παράδεισον
1233 1525 1376 1605 ἔχει,
1422 1524 1479 1589 ὅς
1527 1525 1636 1581 ἐστι
1668 1525 1867 1604 χωρίον
1897 1548 2056 1581 πνευ-

406 1622 647 1690 ματικῆς
708 1616 1078 1680 ἀναπαύσεως.
1135 1622 1307 1673 Ταῦτα
1351 1615 1448 1690 μὲν
1506 1615 1596 1669 οὖν
1626 1612 1814 1670 πολλοὶ
1845 1612 2057 1670 πολλά-

402 1727 485 1768 κις
547 1705 748 1784 ἔφασαν
781 1721 795 1735 '
860 1703 970 1761 ἔστι
1022 1702 1077 1760 δὲ
1135 1706 1329 1772 εἰπεῖν,
1375 1702 1456 1759 ὅτι
1502 1704 1545 1759 εί
1586 1703 1673 1760 καὶ
1725 1704 1912 1759 ταυτὸν
1946 1704 2057 1759 ἐστι

401 1782 646 1870 βασιλεία
703 1796 933 1871 οὐρανῶν
991 1794 1078 1849 καὶ
1133 1791 1472 1871 παράδεισος,
1535 1789 1689 1847 οὒδὲνΔ
1732 1791 1925 1847 κωλύει
1969 1782 2056 1847 καὶ

405 1885 495 1938 τὸν
553 1883 739 1961 Κύριον
799 1881 1095 1957 ἀληθεύειν,
1151 1884 1240 1938 καὶ
1294 1883 1384 1937 τὸν
1443 1878 1673 1940 Παῦλον,
1713 1871 1769 1937 εΟ
1814 1881 1912 1957 γὰρ
1960 1878 2056 1954 λῃ-

407 1973 539 2039 στὴς
596 1971 708 2028 ’ἐστι
771 1971 866 2047 μὲν
912 1971 966 2028 ἐν
1000 1969 1328 2049 παραδείσῳ,
1386 1968 1505 2036 ἤτοι
1554 1974 1621 2044 τῇ
1650 1967 1920 2044 βασιλείᾳ,
1969 1979 2056 2035 καὶ

408 2063 465 2117 ο·“›
528 2062 687 2117 κλόνον
753 2062 929 2134 αὒτός,
992 2059 1129 2116 ἀλλά
1181 2062 1268 2117 καὶ
1310 2061 1501 2121 πάντες
1562 2059 1649 2121 οὓς
1694 2057 1997 2136 ἀριθμεῖται
2029 2060 2056 2113 ὁ

411 2148 615 2211 Παῦλος
643 2165 656 2179 ⁸
707 2149 764 2204 οὒ
797 2149 979 2222 μέντοι
1013 2147 1289 2218 ἀπήλαυσε
1347 2153 1446 2214 τῆς
1477 2144 1680 2209 τελείας
1712 2153 1817 2202 τῶν
1849 2147 2057 2224 ἀγαθῶν

406 2237 759 2316 κληρουχίας,
826 2226 1049 2315 ’Ὠσπερ
1105 2237 1203 2315 γὰρ
1255 2239 1300 2293 0':
1352 2235 1658 2313 κατάκριτοι
1690 2235 1909 2291 ἐπὶτῶν
1951 2236 2052 2311 βα-

406 2325 617 2381 σιλείων
661 2326 756 2381 οὒκ
816 2327 963 2397 εἰσὶν,
1014 2323 1134 2380 ἀλλ’
1179 2325 1234 2380 ἐν
1292 2336 1548 2405 φρουραῖς
1582 2322 2055 2399 ἀποκεκλεισμένοι

411 2421 692 2478 τηροῦν-ται
742 2427 865 2477 ταῖς
920 2414 1308 2493 ἀφωρισμέναις
1353 2425 1566 2475 ποιναῖς
1604 2427 1618 2442 ⁸
1671 2414 1719 2467 οἱ
1766 2410 1821 2468 δὲ
1851 2412 2053 2470 ἔντιμοι

411 2504 492 2564 εἷς
550 2524 605 2558 τε
662 2504 727 2559 τὰ
763 2500 1003 2578 βασίλεια
1047 2504 1401 2582 εἰσέρχονται,
1449 2502 1534 2557 καὶ
1576 2501 1707 2565 τέως
1741 2501 1825 2557 ἐπὶ
1853 2503 2051 2558 τούτων

407 2590 679 2668 διάγουσιν
718 2609 729 2622 ’
778 2591 901 2647 εἶτα
943 2590 1030 2647 ὅτε
1091 2594 1117 2647 6
1174 2593 1356 2669 καιρὸς
1406 2591 1595 2666 ἐπιστῇ
1636 2596 1734 2657 τῆς
1792 2589 2049 2665 διανομῆς

414 2684 519 2736 τῶν
577 2681 866 2756 βασιλικῶν
944 2678 1176 2757 δωρεῶν,
1246 2680 1511 2745 ἀξιοῦνται
1566 2680 1768 2735 τούτων
1796 2696 1809 2710 ⁸
1886 2680 2052 2742 οὕτως

413 2771 499 2824 καὶ
558 2772 602 2825 0i
656 2769 821 2848 ἅγιοι,
874 2770 919 2824 εἰ
968 2772 1055 2825 καὶ
1110 2771 1275 2840 μήπω
1318 2776 1410 2825 τοῦ
1441 2767 1642 2823 τελείου
1672 2767 2051 2847 ἀπολαύουσιν,

412 2857 550 2913 ἀλλά
578 2880 638 2935 γε
682 2858 814 2923 τέως
860 2856 914 2913 ἐν
957 2858 1160 2920 τούτοις
1211 2870 1328 2921 τοῖς
1360 2869 1665 2937 φωτεινοτς,
1696 2858 1783 2911 καὶ
1815 2854 2052 2928 εὐώδεσι,

416 2949 501 3002 καὶ
558 2946 886 3022 βασιλικοῖς,
947 2946 1128 3003 ἁπλῶς
1161 2947 1355 3019 εἰπεῖν,
1391 2946 1707 3018 σκηνώμασι
1764 2943 2052 3021 διάγουσιν,

2127 638 2339 720 Adam,
2363 640 2585 721 alioqui
2615 646 2835 702 tantam
2863 640 3272 720 operationem
3302 658 3439 701 cum
3484 639 3683 702 laetitia
3713 642 3776 703 in

2129 727 2481 805 agricultura
2509 747 2628 790 non
2660 728 2944 790 obivisset
2987 730 3184 808 Atque
3215 728 3348 790 ideo
3367 747 3485 789 non
3518 738 3606 790 est
3637 750 3777 793 con-

2128 815 2375 877 trarium
2409 818 2565 897 quod
2592 818 2804 879 Paulus
2827 817 2990 889 dicit.
3026 816 3199 879 Latro
3221 815 3417 898 itaque
3441 819 3777 899 paradisum

2128 904 2369 965 sortitus
2391 913 2505 985 est,
2540 925 2659 967 non
2679 913 2872 967 autem
2903 912 3210 967 assecutus
3244 914 3331 966 est
3357 926 3606 991 regnum
3632 927 3646 970 :
3676 926 3777 970 as-

2127 1002 2410 1073 sequetur
2439 994 2903 1075 autem,quando
2935 1004 2992 1056 et
3023 995 3203 1056 etiam
3226 1015 3434 1057 omnes
3461 1016 3609 1076 quos
3629 998 3782 1060 Pau-

2125 1082 2218 1143 lus
2249 1085 2648 1146 enumeravit:
2688 1104 2844 1145 nunc
2872 1092 3068 1145 autem
3133 1086 3244 1145 hoc
3309 1094 3575 1164 tempore
3600 1106 3781 1165 para-

2126 1169 2321 1233 disum
2354 1172 2553 1246 habet,
2579 1172 2681 1253 qui
2713 1181 2801 1235 est
2833 1191 2968 1253 pars
2991 1173 3315 1252 spiritualis
3336 1174 3577 1254 quietis.
3611 1176 3775 1241 Haec.

2141 1261 2379 1341 quidem
2405 1261 2571 1323 multi
2592 1279 3001 1342 saepenumero
3025 1262 3325 1323 dixerunt.
3347 1263 3780 1327 Dicendumau—

2142 1358 2259 1411 tem
2291 1358 2381 1412 est
2406 1351 2564 1412 idem
2590 1368 2721 1411 esse
2751 1369 2998 1429 regnum
3034 1351 3317 1412 cmlorum
3347 1358 3406 1412 et
3422 1352 3781 1431 paradisum.

2138 1437 2294 1500 Nihil
2325 1439 2600 1520 prohibet
2644 1457 2786 1518 ergo
2821 1448 2879 1501 et
2928 1440 3243 1501 Dominum
3290 1458 3428 1501 vera
3468 1440 3692 1515 dicere,
3728 1451 3786 1503 et

2140 1527 2562 1590 Paulum.Nam
2594 1527 2741 1589 latro
2773 1528 3009 1608 quidem
3036 1536 3127 1590 est
3163 1528 3225 1589 in
3256 1528 3675 1609 paradiso,hoc
3696 1536 3786 1591 est

2139 1626 2414 1695 regno,et
2436 1635 2553 1677 non
2572 1616 2734 1677 solus
2758 1616 3025 1696 ipse,sed
3049 1619 3225 1677 etiam
3249 1636 3455 1678 omnes
3467 1637 3616 1698 quos
3637 1636 3785 1680 enu-

2141 1713 2328 1767 merat
2358 1705 2777 1786 Paulus.Atqui
2800 1724 2916 1766 non
2950 1705 3163 1766 fruitur
3185 1705 3446 1786 perfecta
3487 1706 3781 1768 bonorum

2079 1829 2119 1880 Β
2142 1792 2758 1874 participatione.Nam
2786 1794 2939 1855 sicut
2967 1793 3342 1855 condemnati
3372 1795 3431 1855 in
3458 1795 3639 1874 regiis
3663 1814 3783 1856 non

2139 1888 2297 1957 sunt,
2321 1881 2427 1944 sed
2456 1882 2517 1943 in
2541 1882 2823 1945 custodiis
2854 1881 3038 1944 clausi
3086 1890 3364 1944 tenentur
3396 1883 3457 1943 in
3487 1882 3784 1964 deputatis

2142 1971 2361 2050 poenis,
2397 1970 2775 2033 honorabiles
2826 1988 2962 2031 vero
2988 1980 3046 2031 et
3093 1969 3154 2031 in
3204 1971 3395 2048 regias
3426 1971 3781 2049 ingrediun-

2141 2068 2261 2134 tUr,
2290 2067 2348 2121 et
2378 2078 2533 2121 nunc
2562 2060 2625 2121 in
2655 2060 2742 2122 eis
2773 2066 3083 2121 versantur
3114 2080 3127 2119 :
3166 2059 3383 2121 deinde
3414 2079 3549 2120 cum
3592 2079 3781 2122 vene-

2137 2148 2213 2208 rit
2244 2156 2474 2228 tempus
2503 2148 2935 2210 distributionis
2986 2147 3275 2226 regalium
3330 2148 3646 2223 donorum,
3682 2149 3783 2211 illa

2139 2244 2549 2318 assequuntur:
2574 2240 2652 2300 ita
2674 2246 2730 2300 et
2748 2239 2936 2300 sancti
2966 2237 3200 2299 tametsi
3243 2236 3507 2298 nondum
3539 2238 3780 2317 perfec-

2139 2335 2203 2389 te‘
2227 2326 2398 2389 bonis
2455 2327 2745 2398 fruantur,
2776 2328 2898 2407 jam
2950 2334 3150 2387 tamen
3194 2333 3503 2388 versantur
3533 2328 3594 2388 in
3634 2327 3783 2388 locis

2136 2415 2349 2476 lucidis
2369 2424 2427 2478 et
2455 2415 2871 2494 fragrantibus,
2898 2422 2955 2477 et
2987 2414 3169 2494 regiis
3200 2415 3459 2495 denique
3502 2414 3783 2477 taberna-

2136 2504 2542 2577 culis,etiamsi
2564 2505 2827 2566 nondum
2858 2503 3333 2565 distributionem
3357 2503 3655 2581 regiorum
3669 2504 3781 2566 bo-

2135 2611 2350 2655 norum
2378 2593 2519 2654 488
2551 2594 2807 2674 perfecte
2858 2600 3270 2673 assequantur.
3303 2591 3389 2654 Ita
3438 2600 3497 2654 et
3547 2593 3692 2654 latro
3722 2593 3786 2654 in

2138 2681 2408 2760 paradiso
2440 2683 2572 2755 fuit,
2603 2682 2837 2745 etiamsi
2869 2681 3133 2743 nondum
3165 2680 3320 2761 quod
3349 2681 3672 2760 perfectum
3698 2690 3788 2743 est

2135 2773 2455 2850 acceperit,
2487 2777 2553 2832 ut
2574 2789 2649 2832 ne
2678 2771 2902 2851 absque
2928 2770 3100 2831 nobis
3131 2770 3431 2849 perfectus
3449 2770 3545 2833 sit.
3583 2772 3654 2832 Et
3674 2772 3789 2831 hoc

2138 2858 2357 2937 opinor
2403 2858 2781 2920 verissimum
2846 2858 3134 2933 omnium,
3163 2864 3227 2918 ut
3272 2877 3347 2919 ne
3391 2858 3582 2919 dicam
3626 2859 3782 2937 quod

2137 2954 2473 3007 sanctorum
2506 2948 2705 3025 gratia;
2729 2947 2786 3008 in
2820 2945 3182 3027 quotidianis
3209 2946 3619 3007 miraculorum
3644 2965 3786 3025 ope-

412 3037 455 3090 εἶ
513 3037 602 3090 καί
659 3038 826 3108 μήπω
878 3040 976 3101 τῆς
1041 3033 1297 3107 διανομῆς
1373 3040 1479 3089 τῶν
1549 3031 1836 3108 βασιλικῶν
1878 3031 2053 3111 δώρων

2138 3034 2473 3097 rationibus
2507 3034 2815 3115 paradisus
2868 3034 3079 3095 merito
3110 3034 3303 3095 dictus
3333 3034 3410 3097 sit
3443 3053 3457 3097 :
3486 3041 3544 3095 et
3574 3052 3783 3097 omnes

408 3122 671 3185 ἀξιοῦνται
727 3121 963 3187 τελείως.
1018 3121 1196 3183 Οὕτως
1254 3124 1339 3177 οὗν
1395 3124 1422 3177 6
1453 3120 1657 3197 λῃστής
1701 3123 1790 3177 καὶ
1841 3121 1895 3177 ἐν
1948 3143 2053 3177 πα-

2144 3107 2649 3203 sanctiquotquot
2680 3123 2998 3203 participes
3029 3122 3167 3184 facti
3197 3130 3335 3183 sunt
3387 3122 3783 3202 spiritualium

411 3206 630 3286 ραὶείσω
694 3210 925 3287 ἐγένετο,
972 3211 1060 3265 καὶ
1120 3208 1267 3265 υῧπω
1310 3217 1401 3266 τοῦ
1455 3208 1655 3266 τελείου
1728 3209 2057 3290 ἀπήλαυσεν,

416 3299 506 3354 ’ίνα
552 3300 628 3372 μὴ
685 3302 853 3379 χωρὶς
899 3302 1053 3375 ἡμῶν
1096 3299 1378 3376 τελειωθῇ.
1414 3302 1512 3357 Καὶ
1540 3305 1694 3355 τοῦτο
1741 3301 1899 3375 οἶμαι
1932 3301 2061 3356 πάν-

415 3411 521 3444 των
576 3388 951 3465 ἀληθέστερον,
1009 3388 1101 3445 ἵνα
1145 3389 1221 3455 μὴ
1264 3387 1407 3466 λέγω
1450 3388 1531 3444 ὅτι
1593 3389 1680 3444 καὶ
1736 3391 1787 3446 αἱ
1844 3391 2061 3469 χάριτες

392 3482 519 3531 τῶν
570 3477 731 3552 ἁγίων
774 3479 829 3532 ἓν
860 3488 981 3539 ταῖς
1023 3475 1137 3532 καθ’
1194 3476 1424 3543 ἑκάστην
1474 3477 1916 3556 θαυματουργίαις
1948 3501 2058 3534 πα-

414 3563 650 3643 ράδεισος
712 3563 773 3620 ἂν
844 3564 1060 3628 εἰκότως
1130 3565 1363 3642 ῥηθεῖεν.
1438 3567 1535 3624 Καὶ
1578 3566 1773 3630 πάντες
1831 3563 1884 3621 δὲ
1943 3566 2059 3629 ὅσοι

412 3659 781 3727 πνευματικῶν
841 3654 1193 3732 χαρισμάτων
1265 3654 1571 3719 ἀξιωθέντες
1634 3657 1725 3710 τὸν
1785 3654 2059 3733 ἆῤῥαὸῶνα

409 3743 501 3799 τοῦ
563 3743 862 3815 [Ινεύματος
922 3742 1154 3798 ἐντεῦθεν
1206 3741 1309 3809 ἤδη
1365 3742 1579 3805 ἔλαϐον,
1633 3746 1689 3799 ἓν
1743 3751 1821 3817 τῷ
1877 3766 2059 3823 παρα-

410 3832 567 3903 ὁείσῳ
623 3832 740 3904 εἶσὶ,
794 3830 892 3887 κείν
937 3832 1103 3905 μήπω
1158 3829 1564 3905 ἐτελειώθησαν,
1626 3834 1713 3889 καὶ
1770 3834 1869 3898 τὴν
1911 3834 2062 3909 βασι-

410 3918 556 3973 λείαν
615 3916 912 3996 παρέλαϐον
948 3938 963 3955 ο
1021 3919 1256 3997 καθάπερ
1313 3921 1441 3998 φησὶ
1470 3919 1676 3983 Παῦλος
1706 3920 1760 3975 ἐν
1803 3921 1872 3988 τῆ
1926 3923 2058 3998 αὐτῇ

2145 3211 2461 3283 donorum,
2497 3220 2554 3272 et
2600 3210 2994 3273 arrhabonem
3021 3210 3243 3274 habent
3272 3209 3550 3291 Spiritus,
3581 3211 3642 3272 in
3674 3231 3782 3292 pa-

2145 3300 2341 3362 radiso
2372 3299 2512 3380 sint,
2545 3300 2775 3362 etiamsi
2831 3300 3096 3362 nondum
3149 3300 3400 3381 perfecti
3453 3301 3693 3377 fuerint,
3728 3309 3788 3363 et

2147 3408 2394 3467 regnum
2434 3390 2793 3470 acceperint,
2824 3389 2975 3452 sicut
2998 3389 3140 3451 dicit
3187 3389 3398 3451 Paulus
3432 3389 3493 3451 in
3524 3389 3784 3469 Epistula

2143 3479 2215 3540 ad
2247 3478 2554 3557 Hebraeos,
2583 3478 2820 3541 etiamsi
2867 3480 3129 3541 nondum
3182 3479 3635 3559 promissionem
3683 3498 3784 3540 ac-

2143 3566 2499 3647 ceperint“.
2533 3568 2993 3630 Promissionem
3026 3570 3183 3629 enim
3208 3568 3462 3630 dicendo
3494 3568 3783 3647 integram

2143 3656 2481 3718 felicitatem
2507 3656 2843 3719 declaravit.
2874 3660 2948 3719 Αι
2969 3656 3130 3717 illam
3176 3655 3442 3717 nondum
3490 3656 3780 3735 integram

2142 3754 2522 3826 acceperunt,
2548 3752 2606 3807 et
2634 3754 2771 3807 sunt
2797 3746 2859 3807 in
2885 3764 3068 3825 regno
3114 3763 3183 3808 ac
3232 3746 3526 3826 paradiso.
3565 3744 3651 3807 Tu
3675 3764 3801 3807 au-~

2144 3842 2259 3895 tem
2296 3833 2629 3906 admireris,
2675 3834 2971 3914 quomodo
3002 3834 3152 3896 sicut
3176 3853 3279 3896 rex
3301 3834 3537 3915 quidam
3568 3842 3788 3914 tropaea

2143 3941 2213 3984 ex
2229 3922 2473 3984 victoria
2503 3921 2792 3997 referens,
2824 3922 3015 4002 spolia
3035 3922 3257 4003 optima
3286 3940 3487 3985 secum
3518 3920 3779 3999 abducit,

413 4009 543 4083 πρὸς
606 3999 874 4086 Ἐϐραίους
936 4005 1228 4083 Ἐπιστολῇ
1260 4023 1272 4036 '
1340 4030 1363 4062 ι
1416 4005 1523 4066 Κᾶν
1578 4010 1744 4082 μήπω
1772 4009 1869 4075 τὴν
1898 4007 2053 4087 ἐπαγ-

2142 4013 2221 4072 ita
2249 4010 2555 4084 Dominus,
2582 3999 3255 4091 quoniamfortiorﬂvasa
3284 4012 3504 4073 diaboli
3532 4011 3782 4091 dirupit,

408 4095 585 4172 γελίαν
643 4097 979 4170 ἐκομίσαντο.
1022 4117 1045 4150 ι
1102 4102 1190 4168 Τῷ
1238 4097 1337 4175 γὰρ
1367 4097 1464 4163 τὴν
1494 4095 1817 4175 ἐπαγγελίαν
1848 4099 2042 4172 εἰπεῖν,

2136 4117 2451 4178 secumque
2480 4098 2746 4173 abstulit,
2794 4106 2853 4160 et
2896 4100 3073 4162 rediit
3121 4100 3193 4161 ad
3227 4101 3482 4180 primam
3526 4100 3785 4161 hominis

411 4187 470 4240 τὸ
524 4183 816 4259 ὁλόκληρον
873 4183 1145 4263 ἐνέφηνεν.
1190 4185 1350 4242 Οὔπω
1393 4188 1479 4241 οὖν
1512 4187 1609 4252 τὴν
1638 4184 1840 4241 τελείαν
1872 4186 2046 4265 ἐπαγ-

2136 4188 2401 4270 patriam,
2439 4186 2773 4267 paradisum
2801 4187 2958 4251 dico.
2997 4189 3232 4251 Etenim
3255 4189 3522 4252 Christus
3554 4206 3673 4249 non
3692 4206 3785 4250 so-

411 4272 590 4347 γελίαν
646 4271 903 4351 ἐδέξαντο,
972 4273 1067 4327 eici
1124 4272 1304 4347 μέντοι
1335 4275 1421 4329 καὶ
1452 4274 1505 4329 ἐν
1548 4274 1615 4349 τῇ
1671 4272 1912 4349 βασιλείᾳ
1962 4277 2049 4331 καὶ

2136 4277 2255 4337 lum
2288 4276 2443 4336 sicut
2471 4274 2629 4336 Deus
2662 4274 2721 4334 in
2744 4274 3020 4354 paradiso
3052 4276 3182 4353 fuit,
3217 4276 3324 4338 sed
3354 4284 3413 4336 et
3446 4275 3783 4337 secundum

412 4363 466 4417 ἐν
509 4366 587 4433 τῷ
640 4358 962 4439 παραδείσῳ.
1025 4364 1095 4416 Σὺ
1151 4361 1205 4418 δέ
1238 4385 1327 4436 μοι
1370 4368 1524 4418 τοῦτο
1568 4364 1859 4436 θαύμασον,
1906 4362 2052 4423 ὅπως

2136 4364 2291 4445 quod
2313 4365 2572 4424 animam
2610 4351 2957 4426 rationalem
2988 4372 3045 4425 et
3092 4351 3409 4425 mentalem
3444 4363 3665 4427 habuit.
3714 4361 3785 4425 Et

415 4451 591 4516 ὥσπερ
649 4471 726 4514 τις
784 4448 1028 4525 βασιλεὺς
1094 4450 1471 4530 τροπαιοφόρος
1554 4450 1783 4506 ἐπανιὼν
1840 4451 1901 4508 ἐκ
1955 4457 2053 4519 τῆς

2139 4454 2196 4514 in
2220 4452 2489 4531 paradiso
2522 4469 2655 4511 cum
2680 4461 2879 4513 mente
2901 4451 3097 4532 fuit,in
3125 4452 3421 4514 infernum
3445 4462 3639 4515 autem
3655 4452 3787 4515 des-

412 4540 586 4611 νῗκης,
628 4539 692 4593 τὰ
738 4537 991 4615 κράτιστα
1048 4544 1155 4593 τῶν
1212 4537 1454 4616 λαφύρων
1511 4537 1622 4612 μεθ’
1684 4542 1869 4595 ἑαυτοῦ
1916 4539 2053 4596 ἐπά-

2138 4539 2337 4602 cendit
2359 4558 2490 4601 cum
2503 4538 2724 4604 anima.
2750 4543 3040 4604 Caeterum
3059 4542 3289 4621 perboc
3303 4542 3461 4621 quod
3488 4541 3781 4603 latronem

413 4650 588 4706 γεται,
624 4627 762 4683 οὕτω
792 4626 887 4681 καί
922 4628 950 4681 6
1010 4628 1202 4706 Κύριος
1257 4630 1318 4682 τὸ
1360 4640 1603 4703 κρεῖττον
1656 4635 1761 4684 τῶν
1792 4635 1884 4685 τοῦ
1938 4626 2053 4685 δια-

2137 4628 2476 4702 servaverit,
2512 4628 2769 4690 ostendit
2797 4629 2956 4710 quod
2990 4630 3222 4692 malitiae
3245 4648 3529 4707 organum
3556 4630 3783 4709 ligave-

412 4715 569 4772 δόλου
638 4714 880 4795 λαφύρων
962 4714 1273 4795 σκυλεύσας,
1332 4715 1451 4790 μεθ’
1507 4717 1693 4775 ἑαυτοῦ
1750 4715 1889 4796 ἄγει,
1952 4717 2053 4773 ἐπ-

2139 4720 2237 4792 rit,
2272 4719 2353 4780 uti
2385 4717 2759 4800 praedixerat,
2801 4719 2961 4799 quod
3006 4739 3141 4782 cum
3186 4719 3483 4798 alligasset
3541 4721 3779 4796 fortem,

412 4806 572 4861 ανιὼν
619 4806 691 4867 εἰς
752 4804 849 4871 τὴν
904 4804 1132 4883 ἀρχαίαν
1191 4805 1413 4883 πατρίδα
1463 4812 1556 4862 τοῦ
1612 4805 1909 4881 ἀνθρώπου,
1968 4808 2053 4862 τὸν

2141 4826 2277 4869 vasa
2314 4808 2443 4887 ejus
2465 4806 2755 4886 diriperet
2778 4809 2858 4869 49.

414 4890 734 4969 παρέδεισόν
764 4914 928 4971 φημι.
966 4894 1063 4949 Καὶ
1093 4894 1192 4973 γάρ
1220 4896 1281 4951 06
1307 4893 1468 4967 μόνον
1496 4894 1625 4949 καθὸ
1646 4895 1775 4957 Θεὸς
1801 4893 1867 4959 ἢν
1896 4896 1949 4950 ἰεν
1980 4902 2057 4968 τῷ
2086 4895 2404 4974 παραδείσῳ,
2440 4894 2576 4952 ἀλλά
2600 4900 2687 4953 καὶ
2712 4900 2840 4954 καθὸ
2870 4899 3201 4976 ἀνθρωπίνην
3232 4899 3416 4977 ψυχὴν
3465 4896 3793 4977 πρσελάϐετο

414 4981 633 5056 Λογικὴν
662 4980 747 5035 καὶ
779 4980 981 5058 νοεράν,
1018 4981 1107 5035 καὶ
1138 4984 1193 5037 ὲν
1222 4989 1298 5055 τῷ
1326 4980 1624 5059 παραδείσῳ
1652 4980 1834 5060 γέγονε
1892 4983 2026 5057 μετά
2085 4987 2176 5040 τοῦ
2232 4987 2375 5059 νοὸς,
2407 4985 2496 5041 καὶ
2526 4986 2598 5049 εἷς
2630 4984 2753 5057 ᾅδου
2780 4987 3012 5053 κατῆλθε
3043 4989 3177 5063 μετὰ
3207 4991 3389 5067 ψυχῆς
3422 5006 3435 5020 ’
3468 4989 3555 5043 καὶ
3584 4985 3667 5043 διὰ
3691 4994 3785 5044 τοῦ

412 5074 577 5123 σνῦσαι
606 5069 697 5123 τὸν
725 5066 955 5143 λῃστὴν,
1002 5070 1062 5124 τὸ
1104 5070 1202 5137 τῆς
1254 5072 1512 5147 πονηρίας
1556 5070 1776 5147 ὄργανον
1826 5068 2033 5145 ἔδησεν,
2095 5074 2123 5129 ὃ
2166 5073 2445 5153 προέλεγεν
2478 5071 2554 5130 ὅτι
2618 5093 2647 5133 (
2698 5077 2876 5145 Δήσας
2919 5078 3011 5132 τὸν
3058 5078 3276 5155 ἰσχυρὸν
3304 5077 3371 5132 τὰ
3422 5076 3585 5143 σκεύη
3630 5081 3785 5135 αὐτοῦ

413 5157 713 5235 διαρπάσει,
754 5180 777 5213 ι

501 5264 529 5302 (
561 5234 657 5302 Ἠν
701 5244 755 5301 δὲ
812 5249 938 5303 ὡσεὶ
997 5246 1109 5326 ὥρᾶ
1164 5246 1322 5315 ἕκτη,
1372 5248 1460 5303 καὶ
1498 5246 1687 5312 σκότος
1740 5248 1947 5327 ἐγένετο
1978 5250 2053 5331 ἒφ¹

2223 5248 2631 5312 Vnas.44-49.
2647 5250 2815 5312 (Erat
2829 5260 3021 5315 autem
3039 5254 3185 5315 hora
3200 5255 3323 5315 fere
3340 5260 3589 5328 sexta,et
3609 5262 3784 5317 tene-

416 5335 545 5401 ὅλην
577 5335 674 5401 τὴν
702 5340 804 5413 γῆν
835 5335 936 5398 ἕως
960 5335 1103 5414 ὥρας
1125 5335 1319 5401 ἒνάτης
1355 5351 1367 5363 ⁸
1403 5337 1489 5391 καὶ
1519 5336 1793 5405 ἐσκοτίσθη
1824 5339 1851 5393 ὃ
1884 5338 2053 5419 ἥλιος,

2145 5339 2268 5400 brae
2285 5340 2453 5402 factae
2470 5349 2605 5400 sunt
2624 5359 2805 5421 super
2825 5350 3004 5404 totam
3035 5352 3252 5407 terram
3276 5362 3463 5425 usque
3484 5344 3555 5405 ad
3576 5346 3785 5407 horam

417 5425 501 5480 καὶ
544 5426 770 5503 ἐσχίσθη
840 5426 903 5480 τὸ
953 5423 1338 5499 καταπέτασμα
1399 5426 1491 5480 106
1547 5435 1673 5485 ναοῦ
1733 5427 1915 5501 μέσον,
1968 5430 2053 5485 Καῖ

2146 5429 2744 5505 nonam;obscuratus
2774 5440 2865 5493 est
2890 5433 3070 5508 sol,et
3093 5433 3288 5495 velum
3305 5423 3510 5515 templi
3532 5435 3787 5497 scissum

418 5514 665 5592 σξιωνήσας
735 5516 887 5592 φωνῇ
932 5513 1143 5590 μεγάλη
1191 5510 1418 5593 Ἰησοῦς,
1495 5515 1671 5571 εἶπεν*
1736 5517 1927 5597 Πάτερ,
1987 5519 2053 5582 εἰς

2143 5525 2232 5579 est
2246 5517 2527 5580 medium.
2538 5516 2751 5581 Etcum
2770 5519 3085 5584 clamasset
3102 5541 3243 5585 voce
3258 5510 3465 5603 magna
3478 5520 3785 5600 Jesus,ait:

492 5670 539 5714 ⁸⁴
577 5671 761 5737 Hebr.
792 5688 883 5751 xi,
912 5672 1014 5737 39.
1100 5670 1153 5715 “
1179 5670 1381 5738 Matth.
1414 5689 1519 5750 xu,
1552 5672 1653 5737 29.

3708 5646 3733 5665 4
