4140 6280
373 346 528 411 1109

1088 347 1531 412 E-NARRATIO
1576 349 1656 412 IN
1706 339 2211 414 EVANGELIUM
2261 345 2504 409 [λυθῶ.
2544 380 2603 390 —
2659 348 2822 411 CAP.
2875 349 3096 412 XXIV.

3607 347 3767 412 iHO

370 478 556 546 δέξατο
591 493 608 510 ⁸
654 479 924 543 κάκείνους
979 477 1169 546 ἔδειξεν
1214 479 1528 559 ἀγνώμονας
1586 482 1652 538 τὰ
1680 481 1876 558 πάντα,
1934 483 2024 539 καὶ

2117 492 2238 540 esse
2266 495 2374 560 per
2400 482 2693 554 omnia,et
2723 483 2874 544 nihil
2907 482 3048 544 boni
3075 482 3324 558 habere,
3348 483 3454 546 sed
3484 483 3738 549 incredu

374 567 544 643 μηδὲν
601 567 798 647 ἀγαθὸν
842 565 1094 649 ἔχοντας,
1140 567 1279 626 ἀλλὰ
1329 572 1397 646 τῇ
1449 570 1666 642 ἀπιστίᾳ
1725 593 2018 651 συγκεκρα-

375 657 591 731 μένους.

461 767 490 799 α
524 748 621 805 Καὶ
674 744 787 804 ἰδοὺ
831 747 964 827 ἀνὴρ
1024 747 1245 823 ὀνόματι
1281 745 1501 828 Ἰωσὴφ,
1532 747 1819 825 βουλευτὴς
1849 751 2021 829 ὒπάρ-

376 857 518 915 χων,
582 835 717 913 ἀνὴρ
774 837 966 913 ἀγαθὸς
1023 837 1112 892 καὶ
1161 834 1358 901 δίκαιος
1410 841 1577 910 (οὗτος
1608 841 1702 896 οὐκ
1728 839 1793 907 ῆν
1823 862 2024 917 συγκα-

373 923 740 996 τατεθειμένος
795 925 862 993 τῆ
918 923 1084 1001 βουλῇ
1149 927 1237 981 καὶ
1296 931 1366 1001 τῇ
1422 925 1601 1005 πράξει
1646 928 1857 1000 αὖτῶν),
1918 929 2023 984 ἀπὸ

379 1010 720 1091 Ἀριμαθαίας
763 1013 973 1078 πόλεως
1046 1019 1153 1070 τῶν
1209 1011 1493 1094 Ἰουδαίων,
1555 1017 1612 1080 ὃς
1667 1017 2022 1098 προσεδέχετο

377 1103 465 1158 καὶ
497 1102 650 1164 αὖτός
677 1103 774 1170 τὴν
802 1101 1074 1178 βασιλείαν
1103 1110 1196 1159 τοῦ
1229 1110 1378 1163 Θεοῦ.
1425 1104 1586 1169 Οὗτος
1616 1105 1920 1184 προσελθὼν
1947 1115 2024 1181 τῷ

377 1189 620 1264 Πιλάτῳ,
669 1193 907 1267 ᾐτήσατο
949 1193 1010 1248 τὸ
1053 1199 1209 1267 σῶμα
1250 1201 1344 1252 τοῦ
1384 1190 1580 1262 Ἰησοῦ,
1645 1197 1732 1252 καὶ
1788 1195 2022 1253 καθελὼν

379 1279 530 1350 αὐτὰ,
592 1279 876 1346 ἐνετύλιξεν
932 1282 1059 1339 αὐτὸ
1123 1279 1339 1360 σινδόνι,
1406 1283 1493 1339 καὶ
1552 1281 1735 1350 έθηκεν
1792 1285 1916 1342 αὐτὸ
1968 1286 2022 1342 ἐν

376 1370 622 1442 μνημείῳ
677 1368 932 1442 λαξευτῷ,
981 1369 1041 1426 οὗ
1094 1371 1188 1426 οὒκ
1231 1369 1296 1437 ἧν
1327 1369 1532 1427 οὐδέπω
1561 1370 1723 1436 οὐδεὶς
1757 1377 2020 1449 κείμενος.

381 1458 477 1516 Καὶ
535 1457 707 1536 ἡμέρα
747 1460 817 1525 ἧν
858 1458 1194 1537 Παρασκευιὶ,
1252 1460 1340 1516 καὶ
1405 1458 1676 1519 Σάϐϐατον
1719 1462 2017 1544 ἐπέφωσκε,

383 1546 917 1616 Κατακολουθήσασαι
970 1545 1024 1603 δὲ
1073 1561 1348 1628 γυναῖκες,
1410 1547 1611 1614 αἵτινες
1680 1549 1814 1617 ἦσαν
1872 1575 2028 1610 συνε-

374 1632 654 1701 ληλυθυῐαι
713 1637 854 1710 αῦτῷ
934 1637 994 1692 ἐκ
1051 1637 1150 1704 τῆς
1228 1636 1542 1717 Γαλιλαίας,
1613 1638 1896 1700 ἐθεάσαντο
1967 1645 2028 1701 τὸ

376 1725 519 1798 ιινῆμ
532 1748 587 1800 α,
649 1727 737 1782 καί
795 1728 869 1790 ὡς
925 1725 1076 1793 ἒτέθη
1125 1727 1188 1782 τὰ
1264 1732 1420 1801 σῶμα
1475 1729 1654 1787 αὐτοῦ.
1736 1721 2025 1812 Ὑποστρέ-

377 1818 542 1887 ψασαι
603 1812 657 1870 δὲ
707 1815 1007 1890 ἡτοίμασαν
1051 1815 1307 1894 ἀρώματα
1353 1817 1440 1872 καὶ
1486 1817 1647 1894 μύρα.
1699 1820 1798 1876 Καὶ
1839 1823 1899 1876 τὸ
1930 1823 2028 1897 μὲν

377 1899 651 1960 Σάϐϐατον
703 1904 985 1984 ἡσύχασαν
1041 1905 1178 1960 κατὰ
1234 1905 1333 1962 τὴν
1409 1903 1654 1974 ἐντολήν.
1709 1930 1737 1961 »
1815 1912 1873 1966 Ei
1947 1912 2029 1966 καὶ

379 1991 566 2067 πρώην
609 1992 970 2072 κρυπτόμενος
1015 1993 1082 2060 ῆν
1129 1996 1355 2072 Ἰωσὴφ,
1403 1992 1520 2050 ἀλλ’
1555 1994 1641 2051 οὗν
1672 2002 1759 2052 νῦν
1810 2005 2030 2078 πρᾶγμα

375 2079 674 2144 ἀξιέπαινον
733 2095 904 2155 ποιεῖ,
995 2083 1164 2137 καίτοι
1249 2081 1535 2158 βουλευτὴς
1610 2084 1869 2165 ὑπάρχων
1940 2087 2028 2144 καὶ

378 2168 654 2250 πλούσιος,
713 2171 801 2227 καὶ
864 2169 1040 2245 τολμᾷ
1097 2170 1324 2241 ζητῆσαι
1411 2176 1570 2247 σῶμα
1617 2172 1909 2251 ἀνθρώπου,
1954 2177 2029 2239 ὡς

375 2259 628 2336 ἀντάρτου
684 2260 774 2316 καὶ
832 2266 1150 2316 στασιαστοῦ
1219 2259 1626 2336 σταυρωθέντος,
1692 2263 1780 2318 καὶ
1847 2262 2028 2320 οὐδένα

380 2345 612 2404 κίνδυνον
644 2346 1014 2426 ὑπελογίσατο.
1085 2349 1270 2406 Καίτοι
1316 2345 1487 2403 δειλὸν
1542 2350 1569 2404 ὁ
1598 2348 1847 2427 πλοῦτος,
1893 2350 2029 2409 ἀλλὰ

375 2439 461 2492 καὶ
515 2439 776 2518 αίτετται,
822 2439 913 2494 καὶ
968 2437 1190 2514 έντὶμως
1247 2435 1456 2512 θάπτει,
1529 2439 1616 2494 καὶ
1674 2438 1727 2495 ἐν
1785 2444 2030 2517 μνημείῳ

377 2524 632 2601 λαξευτῷ,
669 2528 788 2584 ἔνθα
823 2526 988 2591 οὐδεὶς
1020 2526 1181 2590 ἄλλος
1237 2527 1511 2584 κατέκειτο
1545 2542 1558 2557 ·
1605 2527 1699 2584 ’ίνα
1742 2531 1818 2606 μὴ
1849 2531 2029 2589 εἴπω..

380 2638 462 2670 σιν
514 2619 561 2673 οἱ
619 2617 959 2696 συκοφάνται,
1023 2617 1104 2673 ὅτι
1154 2617 1330 2695 ἕτερον
1374 2618 1530 2692 σῶμα
1586 2615 1802 2686 ἀδέστη.
1864 2623 1926 2677 Αἱ
1977 2618 2032 2676 δὲ

380 2719 656 2783 γυναῖκες,
704 2708 746 2761 εί
785 2708 874 2763 καὶ
913 2707 1088 2763 πίστιν
1133 2707 1296 2786 εἶχον
1338 2707 1468 2783 πρὸς
1513 2707 1605 2761 τὸν
1667 2709 1878 2788 Κύριον,
1911 2703 2029 2765 ἀλλ’

384 2798 487 2875 οὔχ
551 2795 674 2851 οἵαν
731 2793 859 2869 ἔδει,
926 2793 1039 2851 ἀλλ’
1104 2795 1295 2860 ἀσθενῆ
1372 2797 1460 2851 καὶ
1508 2795 1722 2872 μικράν.
1784 2785 1877 2860 'ué
1931 2798 2030 2875 γὰρ

376 2884 536 2958 ψιλὸν
597 2883 871 2961 ἄνθρωπον
928 2884 1258 2962 νομίζουσαι,
1322 2884 1460 2962 μύρα
1528 2903 1585 2938 τε
1629 2885 1715 2938 καὶ
1774 2883 2030 2962 ἀρώματα

385 2973 742 3046 ἑτοιμάζουσι,
787 2974 921 3028 κατὰ
963 2974 1025 3028 τὸ
1068 2972 1338 3050 κρατῆσαν
1409 2971 1522 3034 ἔθος
1582 2972 1721 3048 παρὰ
1764 2969 2032 3034 Ἰουδαίοις

383 3062 595 3124 πάντως
641 3061 726 3118 ἐπὶ
775 3075 893 3125 τοῖς
953 3075 1188 3140 νεκροῖς.
1239 3062 1336 3119 Καὶ
1387 3062 1448 3117 τὸ
1475 3060 1574 3136 μὲν
1607 3057 1878 3117 Σάϐϐατον
1907 3062 2035 3128 ἡσυο

382 3151 631 3227 χάζουσι,
666 3151 802 3205 κατὰ
829 3152 927 3218 τὴν
957 3153 1050 3207 τοῦ
1081 3152 1243 3226 νόμου
1272 3149 1514 3220 ἐντολήν.

980 3250 1230 3307 ΚΕΦΛΛ.
1274 3234 1404 3303 ΚΑ’.

383 3339 502 3416 Περὶ
533 3344 637 3395 τῶν
699 3340 1077 3414 σκοπουμένων
1124 3341 1215 3395 τὸν
1265 3340 1429 3419 τάφον
1458 3339 1900 3419 γυναιιεῷνηηερὶ
1942 3345 2034 3395 τοῦ

459 3419 660 3498 Πέτρου
680 3418 968 3499 τρέχοντος
991 3420 1120 3497 πρὸς
1140 3421 1232 3475 τὸν
1262 3417 1448 3499 τάφον,
1481 3421 1606 3499 Περὶ
1633 3417 1875 3481 Κλεόπα,
1911 3421 2034 3498 Περὶ

462 3497 576 3556 τοῦ
609 3497 855 3579 ὀφθέντος
916 3498 1116 3566 Ἰησοῦ.
1175 3502 1295 3578 Περὶ
1323 3497 1421 3567 τῆς
1475 3497 1780 3562 ἀναϐάσεως
1824 3500 1898 3562 εἷς
1941 3500 2033 3555 τὸν

457 3579 695 3655 οὐρανόν,

469 3697 492 3729 ι
530 3680 608 3750 Τῇ
654 3673 709 3730 δὲ
765 3679 861 3749 μιᾷ
913 3673 1020 3729 τῶν
1064 3669 1352 3730 Σαϐϐάτων
1405 3673 1586 3753 ὄρθρου
1635 3673 1819 3749 βαθέος
1870 3671 2028 3740 ἦλθον

382 3765 468 3820 ἐπὶ
525 3765 586 3819 τὸ
647 3757 858 3838 μνῆμα,
918 3762 1162 3842 φέρουσαι
1222 3761 1256 3816 ἃ
1293 3763 1586 3838 ἡτοίμασαν
1631 3763 1911 3843 ἀρώματα,
1941 3763 2031 3818 καί

375 3875 518 3916 τινες
553 3854 642 3909 σὺν
673 3853 888 3916 αὐταῖς,
924 3851 1083 3929 Εὗρον
1115 3849 1170 3907 δὲ
1223 3853 1314 3908 τὸν
1371 3850 1512 3908 λίθον
1541 3849 2025 3924 ἀποκεκυλισμένον

376 3943 480 3998 ἀπὸ
535 3943 628 3997 τοῦ
681 3940 945 4015 μνημείου
977 3955 993 3970 ’
1052 3942 1139 3996 καὶ
1194 3938 1540 4013 εἰσελθοῦσαι,
1591 3939 1694 4018 οὐχ
1751 3942 1898 4017 εὖρον
1967 3940 2028 3995 τὸ

377 4037 532 4106 σῶμα
577 4037 669 4086 τοῦ
728 4030 910 4099 Κυρίου
956 4027 1156 4095 Ἰησοῦ.
1220 4031 1318 4087 Καὶ
1360 4028 1569 4105 ἐγένετο
1613 4027 1667 4083 έν
1720 4033 1793 4100 τῷ
1829 4025 2030 4101 ¹διαπο-
2074 4081 2100 4086 ._

384 4123 589 4197 ρεϊσθαι
648 4118 808 4181 αὐτὰς
871 4119 990 4196 περὶ
1031 4117 1234 4188 τούτου,
1293 4118 1380 4174 καὶ
1408 4115 1516 4172 ἰδοὺ
1548 4113 1726 4194 ἄνδρες
1757 4115 1845 4172 δύο
1902 4115 2029 4170 έπέο

383 4232 582 4276 στησαν
627 4209 842 4279 αὐταῖς,
879 4206 933 4261 έν
989 4206 1200 4272 ἐσθῆσιν
1257 4205 1700 4284 ἀστραπτούσαις.
1748 4202 2031 4283 Ἐμφόϐων

379 4298 432 4356 δὲ
477 4296 777 4376 γενομένων
826 4298 1025 4374 αὐτῶν,
1069 4296 1157 4352 καὶ
1191 4293 1487 4351 κλινουσῶν
1527 4295 1589 4350 τὸ
1632 4293 1916 4372 πρόσωπον
1960 4293 2032 4357 είς

2110 564 2272 628 litate
2294 569 2679 633 fermentatos
2706 581 2768 634 et
2797 573 3084 652 perditos.

2187 742 2368 808 Vens.
2402 744 2742 813 50-56.:Et
2772 750 3028 822 ecce,vir
3058 749 3302 813 nomine
3318 749 3763 832 Joseph,decu-

2108 831 2329 913 rio,qui
2356 845 2480 897 erat
2510 837 2598 897 vir
2631 837 2823 899 bonus
2854 857 2922 899 ac
2941 837 3154 917 justus.
3207 838 3314 901 Hic
3342 831 3758 904 non’consen-

2106 929 2266 984 serat
2293 924 2547 986 consilio
2579 945 2645 987 ac
2678 926 2829 988 facto
2862 945 3096 1001 eorum,
3129 928 3419 990 oriundus
3441 929 3513 990 ab
3535 929 3764 994 Arima-

2107 1008 2261 1074 thaea
2290 1015 2523 1077 civitate
2550 1017 2918 1097 Judaeorum,
2940 1019 3040 1099 qui
3068 1020 3513 1100 exspectetabat
3542 1030 3600 1082 et
3631 1022 3764 1102 ipse

2106 1119 2352 1181 regnum
2377 1105 2510 1168 Dei.
2539 1107 2645 1168 Hic
2661 1106 2914 1168 accessit
2943 1107 3016 1168 ad
3047 1109 3319 1180 Pilatum,
3359 1117 3416 1170 et
3449 1111 3766 1188 postulavit

2107 1209 2320 1270 corpus
2348 1192 2517 1268 Jesu,
2543 1203 2600 1255 et
2627 1193 2962 1275 depositum
2986 1197 3227 1260 involvit
3251 1197 3528 1269 sindone,
3563 1207 3619 1258 et
3650 1218 3762 1279 po-

2106 1280 2223 1341 suit
2252 1281 2397 1342 illud
2429 1282 2490 1343 in
2517 1285 3091 1366 monumento,quod
3124 1294 3250 1348 erat
3271 1286 3333 1346 in
3364 1285 3562 1363 lapide
3588 1288 3758 1350 exci-

2104 1387 2235 1431 sum
2270 1370 2331 1431 in
2379 1391 2496 1452 quo
2548 1374 2812 1435 nondum
2843 1375 3153 1455 quisquam
3185 1375 3413 1454 positus
3443 1375 3656 1438 fuerat.
3685 1377 3760 1439 Et

2105 1457 2232 1518 dies
2255 1469 2379 1521 erat
2403 1464 2813 1543 Parasceve,et
2841 1462 3162 1524 Sabbatum
3184 1463 3767 1528 illucescebat.Sub-

2110 1557 2329 1609 secutae
2360 1557 2554 1611 autem
2589 1551 2895 1627 mulieres,
2931 1571 3062 1632 quae
3084 1571 3216 1613 cum
3273 1571 3344 1615 eo
3377 1562 3668 1614 venerant
3689 1553 3767 1616 de

2111 1633 2655 1711 Galilaea,viderunt
2687 1648 3239 1716 monumentum,et
3259 1640 3764 1721 quemadmodum

2112 1723 2362 1803 positum
2387 1735 2514 1788 erat
2542 1745 2756 1808 corpus
2786 1728 3219 1808 ejus.Reversae
3238 1748 3377 1791 vero
3409 1739 3764 1810 paraverunt

2051 1803 2088 1854 Β
2109 1823 2373 1875 aromata
2402 1823 2460 1876 et
2485 1803 2909 1895 unguentafac
2964 1817 3206 1880 sabbato
3239 1803 3480 1899 quidem
3512 1819 3761 1900 quieve-

2108 1904 2588 1964 runtsecundum
2607 1914 3029 1985 praeceptum.»
3055 1907 3276 1986 Joseph
3301 1908 3536 1969 tametsi
3571 1908 3763 1989 primo

2112 1990 2502 2066 |atuerit,rem
2529 1999 2726 2056 tamen
2747 1994 2920 2055 laude
2938 1994 3174 2074 dignam
3201 2014 3362 2057 nunc
3381 1995 3763 2077 facit,quam-

2109 2080 2194 2139 vis
2216 2081 2589 2142 consiliarius
2621 2090 2782 2144 esset
2810 2101 2877 2144 ac
2895 2084 3149 2164 dives,et
3169 2084 3353 2146 audet
3384 2092 3586 2164 petere
3607 2105 3750 2148 cor-

2111 2186 2219 2247 pus
2249 2169 2508 2231 hominis
2535 2171 2794 2233 crucifixi
2819 2172 2986 2250 quasi
3021 2172 3349 2252 perduellis
3379 2183 3438 2234 et
3461 2173 3761 2254 seditiosi,

2109 2257 2249 2318 490
2269 2258 2619 2339 nullumque
2651 2260 2982 2340 periculum
3012 2261 3369 2342 suspicatur,
3402 2263 3543 2324 licet
3588 2263 3756 2343 peri-

2112 2346 2308 2407 culum
2335 2354 2493 2410 esset
2526 2348 2998 2412 divitiarumzsed
3039 2358 3097 2411 et
3141 2350 3306 2430 petit,
3355 2358 3411 2412 et
3435 2351 3764 2413 honoriﬁce

2111 2435 2345 2516 sepelit,
2378 2445 2438 2498 et
2468 2438 2526 2499 in
2573 2445 2956 2500 monumento
3005 2438 3203 2500 exciso
3255 2437 3357 2500 ubi
3388 2440 3585 2501 nullus
3613 2440 3766 2502 alius

2109 2525 2398 2604 jacuerat,
2434 2533 2497 2586 ut
2527 2544 2604 2587 ne
2632 2525 2829 2588 dicant
2851 2528 3225 2608 sycophanta;
3244 2527 3402 2608 quod
3431 2529 3590 2590 aliud
3622 2547 3764 2590 cor-

2117 2632 2226 2691 pus
2258 2615 2896 2678 surrexerit.Mulieres
2921 2623 3119 2678 autem
3135 2617 3442 2678 etsiﬁdem
3467 2617 3767 2680 habebant

2115 2719 2249 2780 erga
2282 2701 2628 2780 Dominum,
2661 2723 2779 2766 non
2814 2714 3013 2766 tamen
3043 2706 3277 2785 qualem
3309 2707 3764 2786 oportebat,sed

2112 2789 2408 2851 inﬁrmam
2442 2810 2509 2852 ac
2543 2792 3125 2870 parvam.Habebant
3153 2794 3311 2856 enim
3344 2813 3480 2856 eum
3510 2813 3618 2876 pro
3644 2813 3762 2875 pu-

2114 2895 2182 2939 ro
2215 2879 2477 2954 homine,
2509 2880 2668 2940 unde
2700 2889 2757 2941 et
2786 2889 3047 2944 aromata
3077 2890 3136 2942 et
3163 2891 3467 2958 unguenta
3514 2899 3762 2962 parave-

2116 2965 2436 3045 rant,juxta
2457 2975 2714 3028 veterem
2737 2968 3080 3030 Judaeorum
3105 2971 3592 3032 consuetudinem
3611 2988 3764 3032 sem-

2116 3072 2222 3133 per
2253 3054 2623 3116 observatam
2657 3055 2729 3117 de
2761 3057 3012 3118 mortuis
3049 3058 3368 3136 ungendis.
3402 3058 3471 3120 Et
3518 3056 3763 3121 sabbato

2045 3151 2085 3202 C
2112 3142 2354 3223 quidem
2380 3145 2739 3223 quieverunt
2760 3145 2926 3224 juxta
2951 3146 3291 3208 mandatum
3321 3147 3488 3226 legis.

2699 3237 2944 3301 CAPUT
2988 3238 3193 3302 XXIV.

2117 3332 2203 3394 De
2231 3330 2637 3394 incisemibus
2660 3331 3001 3412 sepulmcm
3029 3333 3418 3398 mulieribus.
3452 3335 3538 3397 De
3579 3335 3764 3398 Petro

2195 3413 2277 3473 ad
2309 3417 2762 3495 monumentum
2791 3421 3097 3495 cyrrente.
3128 3414 3211 3495 Dc
3239 3413 3491 3495 (Σίσοραῖ
3522 3415 3610 3478 De
3641 3432 3758 3495 ap-

2199 3492 2584 3572 apparitione
2609 3492 2773 3554 Iesu.
2803 3493 2893 3553 De
2921 3493 3270 3556 ascensione
3298 3495 3364 3556 in
3383 3492 3625 3571 caelum,

2195 3659 2378 3723 Vens.
2411 3658 2766 3723 4-i2.cUna
2795 3665 2992 3725 autem
3025 3661 3445 3738 Sabbatorum,
3472 3662 3760 3744 profundo

2114 3750 2864 3831 crepusculo,veneruntad
2884 3759 3762 3834 monumementum,portantes

2114 3859 2246 3920 qua;
2276 3848 2623 3921 paraverant
2642 3849 2998 3919 aromata,et
3021 3840 3324 3902 nonnullae
3344 3858 3479 3904 cum
3504 3840 3764 3903 illis.Re-

2117 3936 2398 4009 pererunt
2422 3934 2616 3989 autem
2642 3927 2898 4007 lapidem
2922 3928 3254 3990 revolutum
3275 3947 3308 3990 a
3332 3936 3758 3991 monumento:

2117 4026 2175 4078 et
2204 4016 2508 4095 ingressae,
2543 4034 2662 4076 non
2700 4017 3052 4077 invenerunt
3079 4035 3298 4097 corpus
3328 4016 3560 4080 Domini
3587 4015 3761 4080 Jesu.

2115 4106 2182 4167 Ei
2218 4104 2433 4166 factum
2472 4112 2586 4182 est,
2618 4104 2759 4164 dum
2807 4113 3006 4164 mente
3035 4114 3432 4168 consternatae
3461 4114 3660 4168 essent
3693 4106 3764 4168 de

2116 4194 2252 4265 hoc,
2287 4211 2427 4254 ecce
2459 4191 2574 4253 duo
2604 4192 2709 4252 viri
2731 4199 3020 4253 steterunt
3044 4195 3218 4272 juxta
3251 4195 3382 4256 illas
3410 4195 3471 4256 in
3506 4194 3764 4255 vestibus

2116 4279 2719 4361 fulgurantibus.Cum
2754 4281 3130 4361 expavissent
3157 4291 3379 4353 autem.
3401 4291 3459 4344 et
3490 4282 3760 4344 declina-

383 4369 501 4456 τὴν·
720 4386 878 4442 εἷπον
931 4369 1061 4462 προς
1117 4385 1274 4446 αὐτάς
1308 4400 1323 4415 ·
1373 4383 1433 4440 Τί
1461 4369 1684 4453 ζητεῖτε’
1720 4384 1810 4438 τὸν
1864 4383 2029 4451 ζῶντα

2119 4381 2252 4433 rent
2281 4370 2500 4432 vultum
2533 4369 2591 4428 in
2625 4369 3152 4464 terram,diseru_nt
3173 4371 3248 4433 ad
3271 4370 3583 4464 illa_s:Quid
3606 4389 3763 4451 quae-

386 4479 520 4550 μετὰ
577 4479 681 4530 τῶν
733 4480 980 4552 νεκρῶνς
1037 4475 1143 4531 Οῦκ
1220 4471 1358 4529 ’ἐστιν
1412 4470 1538 4541 ὦδε,
1616 4468 1734 4526 ἀλλ’
1806 4467 2026 4546 ἠγέρθη.

385 4567 692 4643 Μνησθητε,
739 4565 813 4626 ὡς
854 4559 1110 4629 ἐλάλησεν
1167 4562 1295 4636 ὑμῖν
1345 4559 1422 4617 ἓτι
1453 4560 1527 4616 ὢν
1558 4559 1612 4616 έν
1639 4565 1708 4635 τῇ
1750 4555 2028 4630 Γαλιλαίᾳ,

384 4654 580 4733 λέγων,
635 4651 716 4708 ὅτι
766 4665 863 4708 Δεῖ
912 4651 1003 4707 τὸν
1048 4651 1168 4706 my
1211 4657 1302 4706 τοῦ
1345 4649 1616 4726 ἀνθρώπου
1677 4644 2031 4724 παραδοθῆναι

385 4745 457 4806 εἰς
489 4756 682 4822 χεῖρας
744 4740 1033 4818 ἀνθρώπων
1092 4737 1443 4817 ἁμαρτωλῶν,
1512 4738 1599 4793 γαὶ
1642 4737 2027 4813 σταυρωθῆναι,

381 4833 468 4888 καὶ
549 4836 617 4906 τῇ
696 4829 845 4907 τρίτῃ
929 4828 1101 4906 ἡμέρᾳ
1155 4827 1468 4892 ἀναστῆναι.
1544 4827 1640 4884 Καὶ
1696 4823 2031 4899 ἐμνήσθησαν

381 4926 486 4975 τῶν
544 4918 798 4995 ῥημάτων
869 4915 1027 4972 αὖτοῦ
1061 4931 1075 4945 ·
1142 4916 1238 4974 Καὶ
1314 4915 1708 4994 ὑποστρέψασαι
1779 4911 1884 4967 ἀπὸ
1939 4917 2034 4995 τοῦ

385 4992 670 5084 μνημείου,
733 5003 1066 5083 ἀπήγγειλαν
1110 5011 1273 5061 ταῦτα
1301 4992 1493 5060 πάντα
1525 5015 1641 5068 τοῖς
1689 4999 1894 5072 ἕνδεκα,
1946 4992 2037 5084 καί

385 5077 513 5153 πᾶσι
557 5077 674 5158 τοῖς
719 5077 935 5156 λοιποίς
971 5109 985 5123 ⁸
1021 5097 1158 5160 ἦσαν
1188 5091 1244 5147 δὲ
1274 5093 1310 5160 ἡ
1346 5089 1674 5170 Μαγδαληνὴ
1718 5089 1912 5166 Μαρία,
1951 5077 2037 5144 καὶ

389 5186 632 5264 ἰωάννα,
690 5185 778 5241 καὶ
834 5183 1004 5257 Μαρία
1062 5177 1339 5254 Ἰακώϐου,
1434 5181 1522 5236 καὶ
1591 5183 1643 5236 αἱ
1712 5178 1893 5235 λοιπαὶ
1947 5177 2039 5264 σὺν

389 5259 629 5344 αὐταῖς,⁷
657 5275 716 5328 αἳ
771 5270 956 5348 ἔλεγον
999 5271 1129 5346 πρὸς
1173 5269 1296 5332 τοὺς
1327 5266 1655 5331 ἀποστόλους
1697 5268 1882 5328 ταῦτα,
1943 5259 2040 5322 Καὶ

391 5363 659 5444 ἐφάνησαν
728 5360 952 5417 ἐνώπιον
1039 5360 1209 5415 αὐτῶν
1278 5359 1402 5444 ὡσεὶ
1438 5443 1441 5444 ν
1476 5355 1633 5433 λῆρος
1691 5357 1757 5415 τὰ
1790 5443 1794 5444 γ
1830 5355 2040 5444 ῥήματα

393 5436 582 5531 αῦτῶν,
627 5451 716 5507 καὶ
757 5450 1016 5517 ῆπὶστουν
1073 5446 1286 5510 αὒταϊς.
1337 5436 1393 5504 ⁹0
1429 5443 1482 5502 δὲ
1533 5446 1727 5523 Πέτρος
1779 5442 2031 5515 ἀναστὰς,

389 5529 607 5621 ἔδραμεν
657 5540 748 5596 ἐπὶ
823 5540 882 5596 τὸ
941 5549 1238 5616 μνημεῖον,
1311 5537 1398 5593 καὶ
1468 5535 1783 5614 παρακύψας
1850 5529 2037 5607 βλέπει

393 5633 601 5694 pan.”
662 5631 723 5685 τὰ
782 5629 957 5684 ὀθόνια
1017 5630 1176 5699 μόνα,
1262 5627 1345 5680 καὶ
1400 5624 1602 5690 ἀπῆλθε
1675 5624 1806 5699 πρὸς
1852 5621 2040 5678 ἑαυτὸν

2113 4460 2241 4521 ritis
2259 4459 2549 4520 viventem
2586 4475 2717 4518 cum
2753 4457 3169 4521 mortuis?Non
3207 4468 3296 4521 est
3328 4459 3448 4533 hic,
3480 4458 3584 4521 scd
3617 4477 3755 4519 sur-

2113 4549 2284 4610 rexit.
2323 4543 2743 4610 Recordamini
2769 4553 2833 4605 ut
2862 4545 3284 4620 dixeritvobis,
3321 4566 3456 4609 cum
3479 4547 3672 4609 adhuc
3702 4547 3764 4609 in

2114 4636 2351 4702 Galilaea
2372 4633 2766 4710 esset,dicens
2797 4634 2955 4713 quod
2977 4637 3306 4715 oportuerit
3333 4635 3550 4698 Filium
3574 4634 3764 4697 homi-

2114 4726 2206 4787 nis
2230 4724 2379 4786 tradi
2399 4724 2460 4784 in
2477 4740 2683 4783 manus
2705 4721 3007 4783 hominum
3023 4735 3486 4803 peccatorum,et
3499 4724 3763 4804 (δι’υοὶῐὶςὶ

2116 4823 2173 4877 et
2188 4814 2284 4876 die
2313 4813 2486 4874 tertio
2504 4811 2924 4888 resurgere.Et
2937 4811 3264 4874 recordatae
3289 4821 3428 4875 sunt
3444 4812 3764 4874 verborum

2121 4905 2272 4984 ejus,
2306 4912 2364 4964 et
2385 4917 2671 4980 regressae
2698 4917 2732 4960 a
2757 4909 3145 4964 monumento
3185 4903 3606 4965 nuntiaverunt
3638 4902 3763 4970 hac

2122 4992 2321 5054 omnia
2349 4991 2468 5051 illis
2497 4987 2868 5060 undecim,et
2897 4991 3127 5052 caeteris
3156 4990 3642 5055 omnibus.Erant
3662 5008 3763 5053 au-

2121 5090 2241 5145 tem
2272 5080 2459 5146 Maria
2486 5077 2849 5157 Magdalene,
2884 5087 2942 5140 et
2970 5081 3222 5162 Joanna,
3247 5089 3304 5144 et
3333 5081 3510 5143 Maria
3530 5079 3761 5154 Jacobi,

2123 5179 2184 5234 et
2215 5179 2444 5233 caetera
2472 5185 2603 5246 qua;
2644 5185 2776 5228 cum
2833 5168 2919 5228 eis
2969 5179 3158 5247 erant,
3207 5189 3339 5252 quae
3386 5169 3666 5232 dicebant
3694 5167 3769 5231 ad

2121 5259 2422 5341 apostolos
2451 5258 2599 5319 haec.
2635 5255 2704 5317 Et
2736 5254 2860 5317 visa
2888 5266 3025 5319 sunt
3051 5260 3205 5340 apud
3249 5261 3380 5322 illos
3407 5278 3516 5322 ceu
3543 5257 3768 5321 delira-

2123 5358 2390 5412 mentum
2441 5344 2620 5407 verba
2665 5344 2926 5421 illarum,
2981 5367 3180 5429 neque
3209 5349 3594 5412 crediderunt
3625 5347 3764 5411 illis-

2123 5439 2332 5501 Petrus
2367 5443 2564 5497 autem
2588 5449 2838 5513 surgens
2868 5438 3133 5502 cucurrit
3177 5437 3250 5500 ad
3291 5448 3767 5511 monumentum,

2123 5536 2182 5591 et
2234 5524 2602 5608 prospiciens
2657 5522 2818 5586 videt
2863 5524 3213 5590 linteamina
3253 5529 3380 5591 sola
3442 5527 3656 5608 posita,
3712 5533 3774 5589 et

2123 5617 2268 5679 abiit
2289 5614 2446 5696 apud
2471 5612 2854 5694 semetipsum
2887 5615 3194 5679 admirans
3222 5618 3377 5698 quod
3408 5617 3768 5681 acciderat.»
