4126 6282
405 375 555 440 i'll3

1079 375 1524 438 ΕΝΑΒΗΑΤΙΟ
1554 374 1632 436 ΙΝ
1680 373 2049 435 ΕνΑΝΘΕΕ

2133 371 2183 431 Μ
2232 366 2470 431 LUC/li.
2518 402 2595 412 —
2639 369 2799 432 CAP.
2839 369 3052 431 XXIV.

3612 355 3765 425 1114

399 508 646 587 θανάτου,
708 512 793 565 καὶ
848 508 1181 583 ἐσταύρωσαν
1243 507 1421 571 αὒτόν,
1458 499 1648 569 Ἡμεῖς
1711 505 1765 562 δὲ
1819 505 2029 576 ἦλπίζο·

2133 499 2551 580 redempturus
2580 508 2737 563 esset
2766 500 2968 564 Israel.
2993 500 3171 582 Atqui
3196 515 3380 579 super
3409 497 3536 560 haec
3566 493 3766 587 omnia

402 620 522 673 μεν,
607 598 687 653 ὃτι
747 597 902 661 αῦτός
1003 597 1143 653 ἐστιν
1215 601 1241 654 6
1316 596 1529 673 μέλλων
1589 596 1895 675 λυτροῦσθαι
1950 597 2041 651 τὸν

406 685 642 764 Ἰσραήλ.
699 685 868 745 Ἀ).λὰ
922 709 979 763 γε
1040 689 1128 742 σὺν
1184 695 1311 744 πᾶσι
1371 690 1571 751 τούτοις
1622 688 1800 767 τρίτην
1848 686 2043 751 ταύτην

405 775 608 856 ἡμέραν
689 774 805 854 ἄγει
894 777 1147 855 σήμερον,
1236 777 1327 856 ἀφ’
1422 780 1481 833 οῦ
1566 784 1727 832 ταῦτα
1808 773 2040 852 ἐγένετο.

409 854 569 921 Ἀλλᾶ
629 867 717 922 καὶ
784 854 1047 942 γυναῖκές
1086 888 1223 929 τινες
1284 854 1335 931 ἐξ
1382 868 1536 941 ἡμῶν
1564 864 1850 932 ἐξέστησαν
1874 865 2039 942 ἡμᾶς,

407 954 685 1030 γενόμεναι
746 952 943 1033 ὄρθριαι
992 954 1073 1012 ἐπὶ
1160 958 1219 1011 το
1250 968 1537 1031 μνημεῖον·
1598 955 1686 1011 καὶ
1734 955 1812 1029 μὴ
1860 955 2043 1031 εὑροῦ-

408 1064 494 1098 σαι
555 1044 615 1098 τὸ
666 1050 823 1116 σῶμα
879 1044 1057 1116 αὖτοῦ,
1116 1044 1274 1111 ἦλθον
1330 1044 1575 1122 λέγουσαι
1631 1045 1718 1099 καὶ
1788 1044 2042 1100 ὀπτασίαν

386 1128 650 1207 ’ἀγγέλων
730 1131 1037 1207 ἑωρακέναι,
1122 1132 1175 1189 οἵ
1226 1132 1467 1211 λέγουσιν
1540 1133 1697 1188 αὑτὸν
1773 1138 1891 1207 ζῇν.
1950 1133 2045 1189 Καὶ

408 1219 641 1276 ἀπῆλθόν
690 1241 825 1285 τινες
890 1222 996 1278 τῶν
1054 1225 1143 1277 σύν
1198 1225 1333 1298 ἡμῖν
1387 1221 1471 1279 ἐπὶ
1525 1223 1586 1278 τὸ
1635 1234 1926 1296 μνημεῖον,
1957 1223 2045 1279 καὶ

408 1309 555 1385 εὗρον
606 1308 794 1377 οὕτως,
847 1313 1019 1373 καθὼς
1054 1314 1141 1368 καὶ
1203 1315 1253 1369 αἱ
1283 1313 1535 1389 γυναῖκες
1566 1311 1746 1367 εἷπονο
1808 1312 1960 1367 αὑτὸν
1992 1309 2046 1365 δὲ

410 1398 502 1452 οὒκ
572 1394 742 1456 εἶδον.
803 1420 822 1452 ι
901 1400 1048 1464 Τινὲς
1119 1401 1209 1456 τὸν
1258 1400 1349 1456 ἕνα
1403 1401 1600 1458 τούτων
1629 1406 1733 1456 τῶν
1765 1398 1853 1456 δύο
1892 1400 2046 1455 αὑτὸν

408 1487 499 1541 τὸν
572 1492 775 1542 Λουκᾶν
832 1486 975 1543 εἶναί
1040 1504 1188 1568 quch
1242 1488 1320 1544 διὸ
1370 1491 1457 1545 καὶ
1512 1488 1778 1566 ἀπέκρυψε
1808 1490 1869 1544 τὸ
1917 1490 2044 1544 ἑαυ-

408 1574 500 1631 τοῦ
570 1574 738 1649 ὄνομα
796 1577 824 1630 6
895 1578 1298 1655 εῦαγγελιστής,
1350 1569 1595 1654 Ὠμίλουν
1650 1576 1703 1633 δέ
1757 1580 1886 1653 πρὸς
1946 1576 2044 1633 ἁλ-

408 1662 601 1733 λήλους
659 1664 800 1721 οὗτοι
857 1666 972 1743 περὶ
1030 1667 1243 1723 πάντων
1297 1674 1402 1723 τῶν
1446 1664 1880 1741 συμϐεϐηκότων,
1944 1670 2045 1745 οὸχ

410 1755 483 1815 ὡς
542 1754 899 1823 πιστεύοντες,
946 1752 1066 1810 ἀλλ’
1120 1756 1192 1818 ὡς
1252 1753 1642 1835 διαποροῦντες,
1693 1760 1779 1812 καὶ
1833 1758 1904 1820 ὡς
1962 1757 2048 1811 ἐπὶ

2128 589 2333 650 tertius
2359 588 2488 651 dies
2529 597 2620 652 est
2643 590 2819 652 hodie
2851 590 3005 670 quod
3041 581 3167 651 haec
3214 591 3371 650 facta
3395 581 3675 647 sunt.Sed
3709 590 3767 643 et

2127 677 2682 759 mulieresquzedam
2708 698 2777 740 ex
2806 679 2973 741 nobis
2989 679 3265 741 attonitos
3287 674 3605 738 reddidere
3633 689 3762 743 nos,

2127 788 2256 849 quae
2282 771 2520 835 diliculo
2551 779 2947 848 pervenerunt
2972 768 3046 830 ad
3078 772 3619 829 monumentumzet
3646 777 3795 849 non.

2124 847 2361 924 invento
2390 847 2641 936 corpore
2672 859 2822 937 ejus,
2857 866 3146 920 veneruut
3194 856 3461 917 dicentes
3490 871 3554 912 se
3585 847 3761 937 etiam

2125 947 2412 1012 visionem
2445 946 2787 1025 angelorum
2818 946 3061 1021 vidisse,
3087 946 3185 1026 qui
3207 945 3642 1026 decerenteum
3664 936 3764 998 vi-

2125 1055 2285 1100 vere.
2316 1038 2388 1099 Et
2419 1035 2695 1098 abierunt
2724 1036 2964 1116 quidam
2988 1025 3195 1096 eorum
3224 1033 3324 1113 qui
3359 1038 3528 1092 erant
3551 1025 3765 1089 nobis-

2124 1144 2257 1190 cum
2287 1126 2363 1188 ad
2395 1134 2864 1204 monumentum,
2892 1134 2949 1186 et
2974 1127 3053 1185 ita
3082 1128 3386 1203 reperunt,
3430 1120 3580 1181 sicut
3630 1134 3761 1177 mu-

2124 1215 2303 1277 lieres
2324 1216 2617 1286 dixerant;
2648 1214 2839 1294 ipsum
2871 1230 3010 1275 vero
3043 1231 3159 1273 non
3189 1210 3483 1272 viderunt.
3527 1229 3553 1267 ›
3591 1204 3755 1294 Non-

2127 1305 2273 1365 nulli
2299 1324 2478 1365 unum
2513 1323 2581 1365 ex
2613 1293 2843 1365 duobus
2872 1303 2986 1364 i'lis
3009 1302 3219 1364 Lucam
3253 1301 3446 1380 ipsum
3472 1298 3648 1358 fuisse
3669 1293 3761 1354 di-

2128 1401 2306 1454 cunt:
2337 1393 2561 1455 idcirco
2593 1401 2648 1454 et
2677 1392 2992 1454 abscondit
3046 1410 3262 1453 nomen
3292 1406 3462 1450 suum
3494 1385 3762 1462 Evange-

2128 1481 2281 1545 lista.
2336 1483 2762 1564 Loquebantur
2813 1490 3008 1544 autem
3060 1481 3213 1542 inter
3259 1498 3323 1540 se
3382 1477 3474 1538 isti
3516 1476 3763 1564 492m:

2129 1570 2405 1633 omnibus
2426 1562 2556 1652 quae
2583 1572 2946 1651 acciderant,
2981 1591 3097 1632 non
3132 1580 3193 1630 ut
3225 1562 3673 1639 credentes,sed
3701 1570 3763 1624 ut

2129 1658 2488 1733 dubitantes,
2520 1669 2575 1722 et
2607 1661 2681 1722 de
2707 1661 2887 1722 rebus
2921 1659 3290 1721 mirabilibus
3331 1661 3763 1735 stupescentes,

2130 1767 2239 1810 nec
2273 1750 2465 1811 statim
2487 1751 2575 1811 rei
2599 1758 2714 1810 tan.
2746 1749 3112 1811 admirandae
3139 1746 3433 1810 sententia
3456 1762 3562 1804 sua
3587 1759 3766 1803 acce-

412 1844 714 1921 πράγμασιν
771 1840 1010 1907 ἐξαισίοις
1062 1844 1412 1925 ἐξιστάμενοι,
1474 1845 1561 1902 κάὶ
1612 1868 1687 1918 τῳ
1770 1843 2047 1922 παραδόξῳ

2133 1838 2357 1900 dentes.
2408 1839 2583 1902 Jesus
2615 1847 2810 1900 autem
2842 1858 2975 1900 cum
3008 1837 3559 1918 appropinquasset,
3590 1828 3764 1925 simul

410 1932 488 2007 μὴ
558 1930 740 2008 ῥᾳδίως
792 1931 1011 2011 ἔχοντες
1068 1934 1359 1996 συνθέσθαι,
1399 1923 1480 1992 νὈ
1512 1933 1563 1989 δὲ
1600 1923 1797 2001 Ἰησοῦς
1830 1934 2044 2012 ἐγγίσας

412 2021 782 2099 συνεπορεύετο
839 2022 1044 2085 αὑτοῖς,
1106 2024 1465 2097 Πνευματικὸν
1520 2024 1620 2101 γὰρ
1671 2024 1758 2077 καὶ
1786 2022 2045 2099 θειότερον

411 2108 554 2189 ’έχων
624 2111 684 2165 τὸ
742 2109 896 2177 σῶμα
949 2109 1159 2183 λοιπὸν,
1194 2113 1286 2168 οὐκ
1315 2110 1577 2168 ἐκωλύετο
1612 2111 1789 2167 τόπων
1821 2110 2045 2181 διαστή-

413 2221 538 2270 ματι
610 2199 741 2277 πρός
813 2200 873 2255 τό
939 2200 1018 2274 μὴ
1066 2202 1168 2279 οὺχ
1225 2200 1314 2263 οἶς
1375 2199 1617 2276 βούλεται
1646 2212 1915 2279 παρεῖναι.
1954 2202 2046 2256 Διὸ

411 2286 525 2345 οὐδὲ
606 2287 711 2343 ἀπὸ
782 2295 888 2344 τῶν
958 2290 1315 2368 χαρακτήρων
1374 2290 1463 2346 τοῖ
1536 2290 1803 2369 σώματος,
1854 2290 1909 2345 ἐν
1961 2294 2045 2351 οἷς

409 2377 646 2456 ἐφαίνετο
713 2378 833 2433 τότε
906 2380 933 2433 6
987 2379 1196 2457 Σωτὴρ,
1259 2386 1653 2459 συνεχωροῦντο
1712 2383 1908 2457 γνῶναι
1951 2380 2046 2435 αὖ·

408 2467 520 2526 τόν.
575 2456 667 2529 Ὠς
724 2467 822 2544 γὰρ
883 2470 910 2522 6
965 2456 1188 2542 Μάρκος
1225 2456 1422 2547 φησὶν,
1472 2471 1526 2525 ἐν
1602 2456 1752 2546 ἑτέρα
1809 2468 2047 2547 ἐφαίνετο

410 2558 606 2636 μορφῇ,
663 2556 750 2611 καὶ
804 2558 858 2611 ἐν
930 2554 1108 2620 ἄλλοις
1167 2560 1552 2637 χαρακτῆρσιν.
1588 2557 1772 2615 Οὒκέτι
1820 2558 1918 2635 γὰρ
1940 2579 2045 2636 φυ-

410 2658 583 2708 σικοῖς
629 2644 810 2719 νόμοις
882 2644 1143 2719 ᾠκονόμει
1196 2649 1256 2702 τὸ
1339 2652 1517 2722 σῶμα,
1550 2646 1672 2703 ἀλλ’
1722 2646 1850 2716 ὑπὲρ
1893 2647 2042 2724 φύσιν

407 2736 493 2789 καὶ
549 2738 939 2808 πνευματικῶς·
1008 2734 1146 2790 ἔνθεν
1224 2756 1302 2791 τοι
1361 2739 1408 2792 οἱ
1492 2736 1750 2814 ὀφθαλμοὶ
1832 2735 2043 2792 ἐκείνων

408 2823 743 2901 ἐκρατοῦντο,
803 2830 895 2879 τοῦ
990 2824 1066 2898 μὴ
1124 2824 1409 2902 ἐπιγνῶναι
1480 2827 1658 2884 αὐτόν.
1717 2826 1862 2880 Διατί
1909 2824 1961 2879 δὲ
1993 2824 2047 2879 ἐν

407 2914 557 2992 ἑτέρᾳ
610 2918 789 2991 μορφῇ
844 2912 1032 2991 ἐφάνη.
1110 2915 1196 2969 καὶ
1280 2915 1590 2994 ἐκρατοῦντο
1672 2917 1719 2971 οἱ
1794 2910 2051 2993 ὀφθαλμοὶ

407 3002 628 3082 αὖτῶνς
690 2994 815 3059 ΗΙνια
882 3009 1055 3058 πᾶσαν
1108 3003 1208 3070 τὴν
1263 3001 1600 3075 διστάζουσαν
1630 3005 1799 3060 αὐτῶν
1828 3004 2051 3080 γνώμην

409 3089 842 3166 ἀνακαλύψωσιν,
905 3092 988 3147 ἱνα
1056 3092 1117 3147 τὸ
1202 3091 1354 3154 ἕλκος
1415 3093 1891 3167 ἆπογυμνώσωσιν,
1946 3083 2049 3148 εἷθ’

409 3178 574 3243 οὕτως
630 3181 691 3235 τὸ
771 3179 1045 3257 φάρμακον
1123 3179 1475 3247 ἐπιδέξωνται·
1566 3180 1654 3236 ἵνα
1705 3180 1894 3258 γλυκὺς
1954 3181 2053 3236 αὒ-

408 3281 526 3332 τοϊς
576 3274 715 3346 φανῇ
784 3269 918 3344 μετὰ
986 3270 1085 3339 τήν
1154 3268 1361 3337 πολλὴν
1388 3267 1593 3347 τριϐὴν
1631 3269 1722 3325 ’ίνα
1743 3267 1918 3346 διδάξῃ
1949 3269 2053 3325 ἀπὸ

2129 1926 2231 1988 ivit
2260 1947 2393 1990 cum
2421 1929 2527 1989 eis.
2565 1929 2854 2008 Sprituale
2873 1928 3209 1989 etdivinum
3249 1942 3464 2005 corpus
3496 1931 3634 1981 tunc
3656 1921 3764 1980 lia-

2130 2015 2301 2098 bens,
2336 2037 2448 2078 nou
2472 2016 2909 2097 impediebatur
2935 2018 3202 2079 locorum
3262 2010 3609 2076 intervallis.
3645 2028 3762 2088 quo

2133 2106 2328 2167 minus
2348 2106 2583 2167 adesset
2615 2106 2705 2167 his
2729 2105 2942 2186 quibus
2959 2106 3209 2167 volebat.
3234 2102 3464 2166 Idcirco
3490 2118 3558 2160 ex
3580 2098 3765 2159 linea-

2131 2195 2345 2256 mentis
2394 2195 2684 2275 corporis,
2733 2194 2792 2256 in
2823 2196 3039 2276 quibus
3084 2203 3224 2255 tunc
3272 2188 3614 2272 apparebat,
3650 2204 3765 2246 non

2130 2284 2623 2362 permittebantur
2653 2302 2972 2361 agnoscere
3002 2278 3772 2354 illum.Nam,sicutMarcus

2131 2372 2340 2452 inquit,
2378 2373 2436 2434 in
2468 2374 2583 2433 alia
2604 2374 2790 2434 forma
2819 2372 3179 2453 apparuit,et
3208 2370 3266 2431 in
3295 2369 3423 2431 aliis
3454 2367 3774 2453 lineamen-

2130 2451 2229 2522 tis.
2258 2460 2385 2523 Non
2435 2463 2586 2523 ultra
2630 2463 2788 2524 enim
2840 2451 3205 2523 naturalibus
3258 2457 3488 2537 legibus
3536 2451 3780 2532 regebat

2128 2551 2478 2631 corpus,sed
2511 2551 2919 2631 spiritualiter,
2946 2559 3004 2612 et
3048 2567 3227 2628 super
3267 2555 3532 2609 naturam
3567 2539 3780 2631 :unde

2126 2630 2277 2700 oculi
2298 2630 2530 2703 illorum
2548 2630 2901 2702 tenebantur
2923 2660 2994 2702 ne
3016 2630 3779 2719 agnoscerenteumﬂuare

2117 2736 2315 2790 autem
2331 2732 2390 2791 in
2414 2731 2602 2792 altera
2630 2730 2819 2792 forma
2837 2718 3195 2810 apparuit,et
3224 2727 3579 2790 tenebantur
3605 2718 3765 2782 oculi

2130 2824 2369 2883 eorum?
2419 2823 2651 2897 Nempe
2686 2829 2747 2880 ut
2784 2820 3119 2898 ambiguam
3154 2816 3508 2879 sententiam
3542 2810 3774 2873 revela-

2131 2916 2287 2987 rent,
2321 2918 2384 2969 ut
2413 2910 2580 2970 ulcus
2611 2912 2974 2987 detegerem,
3000 2927 3067 2970 ac
3101 2909 3482 2986 pharmacum
3514 2899 3779 2977 suscipe-

2134 3004 2289 3068 rent,
2316 3006 2379 3057 ut
2405 2997 2634 3059 dulcior
2663 2998 2750 3058 eis
2777 3008 2903 3079 puSl
2928 2998 3172 3058 multam
3207 3012 3429 3057 moram
3481 2996 3640 3051 esset
3672 3008 3685 3048 :
3717 2995 3782 3047 ut

2135 3085 2377 3147 doceret
2408 3105 2478 3147 ex
2516 3086 2672 3149 Mose
2695 3095 2752 3148 et
2783 3086 3107 3167 prophetis,
3142 3104 3210 3145 ac
3241 3093 3379 3143 tunc
3420 3095 3778 3160 agnoscere—

2138 3182 2318 3245 tur,et
2344 3176 2525 3253 magis
2554 3175 2796 3237 credant
2818 3176 2973 3255 quod
3009 3192 3226 3254 corpus
3254 3189 3422 3233 suum
3471 3168 3627 3230 ultra
3657 3183 3776 3226 non

2135 3263 2211 3324 sit
2242 3263 2355 3323 tale
2388 3269 2453 3326 ut
2482 3264 2832 3344 simpliciter
2886 3265 3069 3344 possit
3124 3264 3195 3325 ab
3249 3260 3525 3322 omnibus
3563 3256 3775 3318 videri.

411 3357 643 3421 Μωσέως
697 3361 785 3414 καὶ
847 3365 953 3413 τῶν
1012 3365 1323 3438 προφητῶν,
1397 3360 1482 3415 καὶ
1552 3359 1671 3414 τότε
1726 3358 2044 3436 ἐπιγνωσθῇ,

2135 3352 2415 3423 Quamvis
2444 3353 2527 3414 illi
2562 3355 2751 3434 ipsum
2778 3355 2933 3435 quod
2971 3373 3203 3435 passum
3256 3359 3364 3412 est.
3400 3346 3775 3438 surrexerit:

407 3447 494 3502 καὶ
564 3445 766 3519 μᾶλλον
808 3447 1177 3513 πιστεύσωσιν,
1226 3446 1304 3502 ὅτι
1365 3451 1458 3506 οῦκ
1488 3446 1567 3503 ἔτι
1600 3449 1659 3503 τὸ
1691 3448 1847 3521 σῶμα
1895 3447 2050 3505 αὐτοῦ

409 3535 645 3592 τοιοῦτόν
700 3535 867 3610 ἐστιν,
927 3540 1043 3592 οἷον
1115 3535 1295 3600 ἁπλῶς
1360 3544 1485 3592 πᾶσι
1563 3537 1829 3614 θεωρητὸν
1881 3536 2045 3600 εἶναι,

409 3623 530 3680 ἀλλ’
588 3626 631 3680 εἰ
700 3626 786 3680 καὶ
856 3625 981 3681 αὒτὸ
1010 3628 1071 3681 τὸ
1102 3629 1266 3682 παθὸν
1309 3627 1525 3703 ἀνέστη,
1572 3625 1718 3701 ὅμως
1750 3627 1837 3691 οἷς
1861 3626 2049 3702 βούλε-

408 3734 491 3769 ται
552 3712 813 3792 φαίνεταιυ
886 3712 1171 3792 γερδάνωσί
1217 3736 1273 3770 τε
1322 3715 1383 3771 ἐκ
1439 3717 1621 3772 τούτου
1675 3714 1814 3794 μέγα
1868 3737 1943 3795 τι,
1989 3723 2049 3771 τὸ

411 3801 603 3878 μηκέτι
674 3799 1059 3880 διαπορεῖσθαι,
1118 3803 1257 3867 τίνος
1309 3802 1485 3859 ἕνεκεν
1536 3802 1595 3858 οὗ
1645 3804 1800 3860 πάλιν
1833 3803 1885 3860 ἐν
1947 3803 2050 3879 μέ-

412 3912 524 3952 σοις
594 3903 710 3954 τοϊς
778 3887 967 3963 δήμοις
1027 3891 1427 3971 ἀναστρέφεται,
1514 3890 1847 3969 λογιζόμενοι
1890 3891 1970 3949 ὅτι
2015 3895 2048 3960 ἡ

414 3980 547 4054 μετὰ
616 3979 713 4046 τὴν
784 3979 1066 4035 ἀνάστασιν
1112 3980 1266 4036 αὖτοῦ
1295 3978 1532 4059 διαγωγὴ
1565 3980 1877 4058 ἁλλοιοτέρα
1916 3982 2046 4053 ἐστὶ,

412 4070 499 4125 καὶ
569 4071 629 4126 οῦ
683 4070 859 4145 κοινὴ,
920 4066 1034 4125 οῦδὲ
1084 4069 1556 4147 ἀνθρωποπρεπὴς,
1614 4068 1749 4125 ἀλλὰ
1792 4069 2048 4148 θειοτέρα·

412 4157 440 4211 ὃ
496 4157 583 4211 καὶ
639 4160 736 4221 τῆς
794 4153 1089 4229 μελλούσης
1147 4159 1480 4221 ἀναστάσεως
1539 4158 1724 4229 τύπος,
1791 4158 1843 4213 ἐν
1902 4161 1937 4234 ᾖ
1984 4160 2055 4221 ὡς

412 4242 629 4321 ἄγγελοι
699 4241 940 4317 διαξομεο
1006 4246 1092 4299 καὶ
1150 4246 1245 4300 υἱοὶ
1306 4252 1456 4306 Θεοῦ.
1522 4246 1619 4300 Διὰ
1680 4254 1841 4303 ταῦτα
1890 4248 2057 4302 τοίνυν

410 4333 723 4411 ἐκρατοῦντο
791 4335 837 4387 οἱ
897 4332 1156 4412 ὀφθαλμοὶ
1228 4336 1419 4412 αὕτων,
1495 4337 1589 4390 τοῦ
1632 4336 1707 4410 μη
1767 4335 2056 4412 ἐπιγνῶναι

410 4423 589 4479 αὐτόν·
650 4426 736 4484 οῖς
803 4421 901 4500 γὰρ
955 4421 1159 4500 ἤθελεν,
1235 4424 1457 4498 ἑωρᾶτο.
1510 4415 1566 4480 Ὀ
1598 4423 1651 4479 δὲ
1699 4423 1941 4488 Κλεόπας
1971 4419 2058 4477 καὶ

410 4507 643 4580 ὀνειδίζει
715 4513 859 4569 αῦτώ
914 4518 991 4583 τῷ
1062 4512 1366 4589 φαινομένῳ
1446 4512 1822 4590 συνοδοιπόρῳ.
1889 4537 1916 4567 α
1988 4513 2058 4567 Σὺ

410 4596 598 4677 μόνος,
659 4599 809 4675 φησί,
870 4612 1198 4674 παροικεΐς;
1280 4625 1301 4656 ο
1372 4600 1485 4656 ἀντὶ
1546 4608 1660 4673 τοῦ,
1696 4602 1768 4656 Σὺ
1813 4602 1970 4676 μόνος
2000 4601 2060 4659 ἐκ

411 4686 516 4739 τῶν
586 4687 846 4743 κατοίκων
903 4692 1000 4752 τῆς
1060 4678 1401 4765 Ἰερουσαλὴμ
1446 4691 1539 4746 οῦκ
1593 4690 1755 4769 ἔγνως
1801 4692 1867 4746 τὰ
1896 4692 2052 4769 γενό-

669 4764 707 4794 οσ
942 4772 980 4791 tu
1090 4778 1100 4791 ς
1130 4764 1135 4765 ⁷
1633 4764 1643 4769 ⁷
1728 4778 1752 4795 n
1911 4764 1920 4769 ⁷

412 4791 595 4845 iuva;
708 4772 871 4831 Αλλοι
935 4792 989 4830 οε
1060 4798 1137 4854 το,
1188 4800 1213 4828 α
1290 4792 1596 4858 παροικεῖς,
1638 4804 1658 4833 ι
1696 4802 1861 4843 ουτως
1892 4780 2056 4845 ἐνόη-

410 4880 527 4915 σαν-
590 4862 684 4941 Σύ,
744 4864 923 4942 φησὶν,
1010 4865 1147 4920 οὕτω
1225 4867 1384 4939 μόνος
1436 4881 1735 4946 παροικεῖς,
1800 4870 1885 4924 καὶ
1961 4868 2058 4934 ἔξω

411 4954 516 5003 τῶν
624 4952 778 5027 ὁρίων
855 4955 954 5019 τῆς
1060 4946 1401 5032 Ἰερουσαλὴμ
1482 4957 1774 5031 ᾠκισμένος
1833 4958 1909 5027 εἴ,
1972 4960 2057 5013 καὶ

412 5036 681 5117 ἀμέτοχος
749 5044 852 5097 τῶν
916 5042 968 5099 ἐν
1025 5043 1171 5117 μέσῳ
1214 5046 1613 5125 πραττομένων,
1646 5057 1719 5108 ως
1768 5046 1844 5121 μὴ
1892 5048 2054 5102 ταῦτα

411 5127 741 5204 γινώσκειν,
821 5121 965 5209 ΗΟρα
1021 5130 1096 5205 δὲ,
1152 5139 1263 5196 πῶς
1323 5136 1513 5213 μικραν
1566 5136 1741 5202 πάντη
1796 5137 1910 5212 περὶ
1966 5142 2055 5190 τοῦ

415 5218 601 5293 Κυρίου
661 5217 937 5295 ὑπόληψιν
1012 5226 1189 5302 εἶχον·
1256 5221 1415 5301 ἄνδρα
1447 5225 1546 5301 γὰρ
1577 5226 1858 5303 προφήτην
1901 5223 2055 5278 αὺτὸν

407 5304 702 5381 ὠνόμαζον,
737 5309 855 5365 οἷον
900 5308 1108 5390 Ἠλίαν,
1162 5312 1372 5379 Ἰησοῦν
1406 5315 1497 5368 τὸν
1554 5324 1648 5372 τοῦ
1692 5316 1864 5381 Ναυῆ,
1968 5315 2053 5367 καὶ

410 5395 603 5451 Μωσέα
660 5398 850 5454 εἰπεῖν·
884 5396 1099 5455 δυνατὸν
1128 5399 1180 5455 ἐν
1225 5400 1361 5479 ἔργῳ
1418 5403 1505 5457 καὶ
1537 5399 1704 5479 λόγῳ·
1758 5408 1966 5478 πρῶτον
1997 5402 2056 5455 τὸ

410 5480 583 5561 ἔργον,
616 5487 739 5543 εἶτα
771 5490 798 5543 6
830 5487 1009 5567 λογος.
1037 5487 1211 5554 υῦδεὶς
1243 5492 1341 5568 γὰρ
1372 5488 1534 5567 λόγος
1565 5490 1773 5566 βέϐαιος
1805 5488 2058 5545 διδασκα-

408 5568 583 5658 λικὸς,
617 5576 766 5650 εἰμὴ
822 5576 1074 5657 πρότερον
1137 5581 1165 5635 6
1242 5577 1503 5635 διδάσκων
1574 5578 1801 5658 ἐργάτην
1872 5579 2059 5635 ἑαυτὸν

407 5657 660 5740 ἒκφαίνοι.
720 5667 947 5731 ,δυνατὸς
1005 5668 1092 5723 οὖν
1167 5667 1272 5722 ἴσθι
1344 5667 1396 5723 ἐν
1454 5666 1590 5747 ἔργον
1660 5675 1880 5747 πρᾶτον,
1941 5670 2061 5723 εἶτα

2082 4655 2125 4705 D

2133 3450 2389 3503 attemen
2410 3444 2626 3524 quibus
2646 3445 2786 3525 vult,
2808 3446 3353 3524 apparet.illagnum
3378 3457 3573 3500 autem
3607 3435 3775 3518 quid-

2133 3531 2268 3592 dam
2305 3551 2373 3594 ex
2404 3534 2516 3594 hoc
2538 3534 2925 3604 lucrifaciant,
2963 3534 3118 3614 quod
3155 3552 3269 3593 non
3302 3532 3451 3592 ultra
3483 3527 3773 3599 dubitant,

2134 3640 2317 3701 quare
2345 3641 2462 3684 non
2493 3624 2706 3685 iterum
2740 3623 2799 3683 in
2832 3624 3044 3683 mediis
3075 3620 3303 3703 populis
3323 3624 3775 3689 versetur,con-

2134 3711 2466 3773 siderantes
2496 3713 2651 3793 quod
2684 3713 3051 3775 conversatio
3104 3721 3231 3794 post
3273 3708 3775 3772 resurrectionem

2134 3816 2299 3860 suam
2331 3800 2503 3880 longe
2534 3801 2648 3862 alia
2676 3804 2769 3880 sit,
2807 3810 2864 3862 et
2888 3822 3003 3863 non
3034 3801 3367 3863 communis
3394 3821 3407 3862 :
3436 3817 3550 3859 non
3588 3796 3780 3877 qualis

2134 3886 2467 3959 hominum,
2492 3891 2595 3951 sed
2617 3891 2894 3965 divinior,
2923 3891 2979 3951 in
3010 3899 3207 3971 typum
3241 3892 3449 3951 futura:
3479 3905 3778 3949 resurrec-

2136 3977 2335 4059 tionis,
2370 3980 2428 4039 in
2452 3998 2565 4060 qua
2596 3980 2750 4041 sicut
2798 3980 2990 4058 angeli
3027 3980 3337 4041 etﬁliiDci
3386 3975 3776 4038 versabimur.

2142 4068 2385 4146 Propter
2406 4069 2519 4129 hoc
2548 4069 2721 4146 igitur
2742 4064 3098 4130 tenebantur
3114 4070 3265 4131 oculi
3287 4083 3581 4130 eorumne
3605 4084 3781 4145 agno-

2139 4168 2375 4218 scerent
2402 4177 2538 4219 eum
2576 4176 2589 4220 :
2625 4159 2894 4239 aquibus
2941 4161 3096 4220 enim
3150 4160 3408 4239 volebat,
3442 4155 3777 4219 videbatur.

2142 4247 2435 4325 Cleophas
2490 4265 2627 4308 vero
2675 4248 2876 4308 comiti
2922 4248 3173 4320 itineris,
3210 4256 3272 4309 ut
3299 4248 3641 4327 apparebat,
3668 4246 3777 4307 ob-

2132 4335 2299 4414 jicit:
2334 4357 2361 4394 ‹
2391 4336 2475 4396 Τυ
2497 4336 2680 4415 solus,
2708 4362 2729 4393 ι
2770 4336 3069 4413 inquiens,
3099 4363 3121 4391 «ι
3160 4337 3509 4415 peregrinus
3542 4338 3785 4416 es,.lioc

2141 4433 2252 4500 est,
2302 4434 2361 4485 tu
2411 4427 2575 4486 solus
2628 4444 2697 4486 ex
2750 4425 2842 4486 his
2900 4426 2999 4504 qui
3050 4424 3312 4486 habitant
3342 4425 3402 4487 in
3424 4425 3782 4499 Jerusalem,

2144 4514 2376 4592 ignoras
2424 4532 2556 4593 quae
2606 4513 2753 4575 facta
2782 4514 2950 4575 sunt?
2979 4514 3093 4575 Alii
3123 4522 3344 4593 autem,
3378 4540 3399 4570 α
3439 4518 3786 4595 peregrinus

2143 4622 2227 4675 es,
2268 4628 2296 4659 ο
2331 4602 2415 4664 sic
2448 4602 2787 4681 intelligunt
2824 4621 2837 4665 :
2872 4602 2981 4675 Tu,
3008 4604 3387 4683 inquit,solus
3412 4605 3786 4685 peregrinus,

2144 4702 2201 4753 et
2229 4703 2394 4753 extra
2424 4692 2573 4752 lines
2602 4691 2927 4752 Jerusalem
2981 4691 3345 4752 domicilium
3385 4692 3633 4773 habens,
3668 4714 3782 4756 non

2142 4799 2206 4843 es
2238 4779 2538 4861 particeps
2570 4798 2775 4841 eorum
2812 4800 2937 4861 quae
2967 4780 3025 4841 in
3060 4782 3251 4842 media
3271 4784 3602 4845 Jerusalem
3637 4802 3782 4847 con-

2142 4871 2423 4948 tigerunt.
2460 4880 2522 4929 ut
2552 4869 2677 4930 haec
2732 4871 2965 4948 ignores
2989 4870 3018 4930 ?
3053 4871 3194 4931 Vide
3247 4881 3442 4932 autem
3488 4874 3784 4953 quomodo

2144 4976 2375 5037 parvam
2409 4957 2651 5017 omnino
2680 4958 2756 5019 de
2789 4959 3037 5021 Domino
3071 4954 3416 5040 opinionem
3466 4960 3779 5025 habebant.

2139 5046 2345 5108 Virum
2380 5046 2535 5104 enim
2570 5047 2918 5125 prophetam
2973 5066 3106 5108 eum
3158 5050 3562 5122 nominabant,
3598 5051 3789 5131 qualis

2139 5134 2294 5195 Elias
2320 5133 2627 5207 fuerat,vel
2644 5133 2817 5195 Jesus
2840 5138 3120 5204 N-ive,vel
3152 5142 3370 5202 Moses.
3394 5142 3699 5201 Potentem
3726 5138 3785 5201 in

2140 5242 2320 5304 Opere
2352 5230 2408 5282 et
2440 5224 3007 5285 sermone.Primum
3038 5246 3207 5306 opus,
3237 5239 3293 5291 et
3318 5228 3534 5288 deinde
3564 5246 3782 5290 sermo.

2139 5313 2347 5397 Nullus
2374 5310 2764 5397 enim_sermo
2810 5314 3069 5397 doctoris
3094 5317 3298 5397 firmus
3329 5327 3440 5390 est,
3480 5317 3593 5379 nisi
3626 5318 3785 5397 prius

2142 5393 2366 5455 docens
2413 5410 2476 5451 se
2538 5390 2819 5453 factorem
2870 5394 3153 5458 declaret.
3190 5396 3405 5459 Potens
3438 5390 3783 5476 igitur'esto

2142 5482 2396 5562 primum
2430 5482 2491 5539 in
2519 5500 2722 5561 opere,
2758 5482 2975 5546 deinde
3020 5493 3081 5547 et
3129 5485 3290 5549 verbi
3319 5486 3782 5549 sollicitudinem

2141 5571 2380 5633 habeto.
2409 5569 2504 5631 Sic
2532 5577 2591 5630 et
2622 5573 2777 5633 Deus
2808 5574 3224 5655 cooperabitur
3253 5576 3381 5639 tibi.
3428 5577 3596 5639 Prius
3622 5575 3780 5637 enim

2143 5680 2314 5743 opus,
2361 5666 2416 5719 at
2452 5657 2669 5722 deinde
2710 5664 3131 5746 contemplatio
3174 5685 3242 5727 ac
3295 5667 3623 5732 illustratio.
3660 5666 3786 5731 Nisi
