4140 6280
437 348 590 412 1115

1404 352 2005 420 THEOPHYLACTI
2046 355 2458 419 BULGARI/E
2501 354 2868 419 ARCHIEP.

3702 348 3877 416 1116

426 479 743 562 speculum
774 479 1184 564 puriﬁcaveris
1214 482 1273 546 in
1300 483 1503 547 labore
1532 492 1591 547 et
1620 484 1864 566 sudore,
1887 486 2083 550 neuti-

2189 490 2256 546 ιαὶ
2314 491 2404 547 τὸν
2457 489 2618 569 λόγον
2690 486 2944 560 σπούδαζε
3017 486 3190 569 ἔχειν.
3256 487 3409 546 Οὕτω
3462 486 3549 543 καὶ
3607 489 3646 543 ὁ
3733 486 3879 544 Θεὸς

430 588 609 650 quam
644 572 1026 653 concupitam
1060 573 1563 654 pulchritudine.
1599 575 1661 637 in
1706 575 1953 656 speculo
1984 594 2094 640 su-

438 659 679 740 spicies.
719 660 920 723 «Beati
974 661 1133 723 enim
1188 663 1407 725 mundo
1452 661 1633 726 corde
1665 665 1749 737 45,
1787 688 1814 720 ι
1868 663 2002 747 lhoc
2034 665 2099 728 fit

441 766 547 826 per
594 750 799 832 opera]
856 774 883 807 α
929 751 1068 833 quia
1129 751 1239 831 ipsi
1292 754 1478 816 Deum
1540 752 1869 815 videbunt:
1912 777 1936 810 ιι
2000 753 2097 817 hic

441 839 962 919 contemplationis
995 849 1083 903 est
1115 841 1270 905 linis.
1309 842 1556 922 Oportet
1586 850 1782 903 autem
1819 860 1951 903 esse
1982 861 2099 920 po-

443 934 661 990 tentem
693 928 753 991 in
776 948 963 1009 opere
994 938 1053 991 et
1092 947 1373 993 sermone
1426 948 1629 993 coram
1689 934 1838 998 Deo.
1872 939 1931 994 et
1962 938 2100 994 tunc

439 1018 637 1078 ceram
663 1019 822 1080 omni
862 1019 1101 1099 populo.
1140 1019 1312 1082 Prius
1344 1020 1503 1081 enim
1544 1020 1783 1101 placere
1814 1022 1955 1082 493
1986 1021 2063 1082 de
2086 1053 2100 1066 -

438 1104 648 1168 bemus
684 1109 829 1175 Deo.
852 1107 1072 1169 deinde
1094 1107 1287 1170 danda
1318 1128 1500 1189 opera
1522 1120 1581 1171 ut
1604 1111 1782 1172 etiam
1817 1110 1975 1172 inter
1994 1127 2102 1170 nos

443 1195 573 1255 sine
606 1197 834 1258 macula
857 1198 1123 1258 vivamus
1156 1209 1443 1279 quantum
1479 1199 1606 1259 ﬁeri
1640 1209 1837 1279 potest
1872 1220 1885 1261 :
1922 1207 1979 1259 et
2002 1217 2105 1259 nec

442 1285 647 1365 quein
680 1285 886 1364 primis
936 1288 1234 1367 quomodo
1288 1287 1632 1349 hominibus
1682 1289 1938 1368 placeas,
1990 1286 2096 1348 sed

444 1374 742 1454 quomodo
794 1374 1016 1436 servias
1050 1377 1192 1456 Deo,
1223 1376 1582 1438 studendum
1623 1398 1635 1439 :
1670 1396 1864 1457 neque
1895 1377 2097 1437 viven-

446 1463 583 1523 dum
619 1472 680 1524 ut
712 1464 909 1526 multis
938 1464 1020 1527 sis
1059 1466 1363 1540 scandalo,
1392 1465 1495 1527 sed
1527 1474 1586 1526 et
1626 1467 1738 1527 hoc
1789 1474 1924 1546 post
1953 1465 2094 1527 illud

449 1551 901 1632 providendum,
932 1555 1085 1636 quod
1121 1562 1179 1616 et
1206 1555 1456 1635 Sapiens
1486 1555 1687 1617 dicitza
1718 1553 1968 1617 Provide
1986 1554 2095 1615 bo-

450 1660 522 1701 na
554 1659 753 1702 coram
783 1641 928 1720 Deo,
954 1642 1172 1704 deinde
1196 1652 1253 1706 et
1281 1662 1477 1705 coram
1512 1644 1850 1705 hominibus
1875 1643 1956 1703 ΑΘ.
1976 1670 1995 1696 ιι
2026 1644 2101 1706 Ει

2178 580 2487 658 συνεργήσει
2587 602 2690 637 σοι.
2786 578 3045 656 Πρότερον
3143 576 3243 655 γὰρ
3320 577 3355 643 ἡ
3411 573 3635 654 πρᾶξις,
3740 575 3877 631 εἷτα

2176 668 2365 745 θεωρία
2434 669 2520 725 καὶ
2573 666 2860 743 ἕλλαμψις.
2917 667 2975 725 Εἰ
3053 665 3132 741 μή
3220 667 3282 721 τὸ
3365 665 3678 743 κάτοπτρον
3763 686 3871 721 κο-

2177 755 2404 834 θαρίσεις
2460 759 2515 813 ιιν
2573 756 2723 830 πόνῳ
2779 756 2868 811 καὶ
2921 752 3121 833 ἱδρῶτι,
3196 755 3291 811 οὐκ
3320 752 3382 810 ἂν
3432 756 3493 810 τὸ
3563 754 3865 829 ποθούμε·

2182 866 2269 901 νον
2324 845 2518 911 κάλλος
2576 844 2954 922 γατοπτρίσῃς.
3022 861 3052 903 ‹
3116 842 3375 921 Μακάριοι
3434 844 3534 922 γὰρ
3611 844 3667 900 οἱ
3751 865 3862 900 κα-

2180 934 2327 1013 θαροί
2380 941 2448 1011 τῇ
2500 932 2704 1013 καρδίᾳ,
2769 955 2793 990 ι
2857 940 3014 989 τοῦτο
3083 930 3169 987 διὰ
3225 937 3331 988 τῶν
3389 930 3579 1011 ἔργων·
3653 956 3683 987 α
3775 930 3857 987 δτι

2183 1023 2326 1079 αὖτοὶ
2373 1027 2463 1081 τὸν
2520 1026 2650 1081 Θεὸν
2704 1024 2949 1101 ὄψονται,
2986 1045 3013 1077 ι
3048 1026 3204 1079 τοῦτο
3234 1026 3333 1089 τῆς
3375 1022 3596 1100 θεωρίας
3633 1023 3707 1077 τὸ
3762 1019 3859 1077 τέ-

2184 1111 2299 1176 λος.
2365 1125 2461 1170 Δεῖ
2491 1111 2544 1168 δὲ
2616 1126 2753 1168 εῖναι
2785 1109 3000 1167 δυνατὸν
3032 1109 3086 1166 ἐν
3130 1110 3268 1189 ἔργῳ
3299 1112 3385 1166 καὶ
3415 1108 3561 1187 λόγῳ
3605 1110 3860 1167 ἐναντίον

2183 1210 2277 1258 τοῦ
2337 1202 2493 1275 Θεοῦ,
2543 1203 2631 1258 καὶ
2698 1202 2818 1257 rem
2850 1201 3080 1257 ἐναντῖον
3136 1202 3333 1263 παντὸς
3364 1206 3456 1257 τοῦ
3484 1198 3649 1261 λαοῦ.
3688 1204 3859 1279 Πρῶ-

2182 1313 2271 1347 τον
2330 1291 2428 1369 γὰρ
2499 1289 2741 1369 ἀρεστέον
2786 1296 2926 1363 Θεῷ,
2955 1290 3079 1344 εἶτα
3121 1289 3208 1344 καὶ
3236 1290 3298 1344 τὸ
3329 1287 3632 1363 ἀμώμητον
3667 1309 3855 1344 σπου-

2182 1377 2396 1436 δαστέον
2466 1382 2597 1456 πρὶς
2658 1381 2987 1456 ἀνθρώπους,
3043 1378 3116 1437 ὡς
3175 1375 3237 1435 ἄν
3296 1375 3541 1455 ἐγχωρῇ·
3573 1377 3670 1432 καὶ
3702 1378 3849 1452 μήτε

2180 1474 2278 1535 τήν
2350 1468 2839 1547 ἀνθρωπαρὲσκειαν
2894 1465 3276 1543 προτιμητέον,
3350 1465 3486 1522 ἀλλά
3558 1466 3663 1534 τὴν
3725 1469 3851 1523 θεο-

2182 1557 2409 1616 σὲϐειαν·
2486 1560 2623 1633 μήτε
2696 1558 2824 1636 πρὸς
2896 1558 2957 1611 τὸ
2988 1553 3279 1612 σκάνδαλον
3306 1561 3411 1612 τῶν
3443 1555 3665 1613 πολλῶν
3711 1558 3844 1632 βιω⁶

2182 1648 2323 1728 τὲον,
2384 1646 2521 1704 ἀλλά
2576 1648 2665 1704 καὶ
2721 1647 2905 1702 τούτω
2974 1645 3089 1720 μετ’
3192 1643 3417 1710 ἐκείνους
3488 1648 3844 1726 προνοητέον

452 1728 664 1791 Paulus
689 1730 838 1792 istuc
862 1731 1051 1809 ipsum
1075 1732 1238 1793 dicit.
1270 1758 1295 1787 «
1329 1730 1446 1794 Nos
1465 1741 1661 1794 autem
1686 1733 2096 1813 sperabamus,

2189 1739 2211 1792 ἱ)
2285 1740 2371 1794 καὶ
2430 1737 2599 1816 Σοφός
2659 1750 2809 1814 φησι·
2896 1755 2920 1789 ε
2957 1740 3188 1813 Προνοοῦ
3218 1734 3355 1791 καλά
3404 1733 3634 1791 ἐνώπιον
3685 1742 3841 1812 Θεοῦ,

452 1819 657 1898 inquit,
691 1819 846 1899 quod
873 1820 1001 1898 ipse
1032 1829 1187 1881 esset
1235 1821 1655 1900 redempturus
1687 1821 1887 1883 lsrael.
1924 1820 2103 1893 Quasi

454 1907 710 1968 frustrati
732 1927 838 1987 spe
874 1908 1098 1973 dicunt:
1132 1909 1250 1971 Nos
1278 1910 1664 1991 sperabamus
1694 1911 1849 1992 quod
1897 1910 2025 1992 ipse
2049 1918 2109 1971 et

455 1996 603 2057 alios
625 1996 955 2058 salvaturus
985 2011 1143 2060 esset
1172 2020 1186 2058 :
1223 2018 1362 2061 ecce
1388 2018 1581 2080 neque
1612 2001 1873 2080 seipsum
1904 2018 2107 2059 serva-

457 2085 554 2146 vit.
601 2084 769 2147 Adeo
794 2087 955 2147 molli
990 2096 1159 2150 erant
1206 2088 1404 2149 animo
1437 2101 1495 2150 et
1538 2107 1744 2169 parum
1780 2088 2006 2150 ﬁdenti.
2043 2090 2109 2148 Et

454 2192 638 2254 prope
670 2174 879 2237 eadem
936 2176 1219 2239 dicebant
1275 2197 1406 2257 quae
1456 2178 1543 2241 illi
1588 2178 1647 2238 iu
1678 2197 1855 2240 cruce
1896 2195 1910 2239 :
1945 2177 2108 2240 Alios

452 2263 727 2336 servavit,
762 2264 1021 2343 seipsum
1056 2285 1173 2326 non
1207 2275 1396 2346 potest
1417 2284 1675 2330 servare.
1711 2265 1851 2328 Ideo
1882 2274 1935 2327 et
1956 2265 2103 2326 insi-

456 2355 683 2436 pientes
714 2376 816 2418 eos
845 2365 1033 2427 vocat,
1065 2366 1123 2419 et
1159 2359 1362 2420 tardos
1406 2358 1476 2420 ad
1530 2358 1919 2423 credendum.
1955 2356 2101 2430 Quid

452 2452 646 2506 autem
681 2453 769 2505 est
808 2446 1024 2507 redimi
1086 2446 1296 2510 Israel?
1326 2447 1592 2510 Diximus
1624 2446 1778 2528 quod
1808 2445 2104 2509 Christum

454 2533 878 2612 exspectabant
910 2535 1467 2613 vulgaresetminus
1505 2536 1805 2598 exercitati
1850 2536 2105 2596 salvato-

453 2640 579 2683 rem
602 2623 1117 2707 et.redemptorem
1137 2644 1169 2685 a
1191 2626 1361 2685 malis
1383 2644 1511 2706 quae.
1525 2626 1610 2687 eis
1632 2623 2108 2694 imminebant,et

456 2730 485 2772 a
498 2712 643 2791 jugo
667 2708 967 2774 servitutis
985 2714 1852 2794 Romanorum,sperabantque
1865 2732 1999 2775 eum
2016 2731 2106 2774 re-

452 2810 766 2881 gnaturum
796 2810 858 2863 ut
880 2820 1079 2881 regem
1106 2805 1576 2866 terrenumzideo
1601 2812 1659 2865 et
1679 2803 1908 2875 dicunt,
1940 2826 1962 2858 ε
1990 2800 2108 2863 Nos

451 2890 841 2969 sperabamus
862 2894 1016 2973 quod
1056 2893 1181 2973 ipse
1211 2894 1633 2974 redempturus
1663 2905 1818 2955 esset
1841 2891 2045 2953 Israel.
2080 2916 2100 2947 ι

452 2980 731 3043 videlicet
760 2981 1133 3060 agentilibus
1166 2983 1543 3047 Romanis.“
1573 2982 1700 3062 ipse
1730 3000 1922 3062 neque
1944 2980 2107 3058 inju—

454 3077 603 3131 stam
638 3070 999 3132 sententiam
1032 3080 1237 3132 contra
1270 3090 1335 3133 se
1358 3071 1533 3133 latam
1567 3069 1915 3149 ctl'ugiMEt
1931 3069 2108 3131 hodie

456 3158 661 3220 tertius
693 3158 822 3221 dies
849 3168 963 3233 est,
995 3170 1055 3223 et
1105 3161 1390 3223 mulieres
1444 3168 1786 3222 terruerunt
1833 3178 1961 3239 nos,
1994 3183 2017 3216 ι
2050 3168 2109 3219 et

452 3257 687 3310 uetera.
724 3246 862 3310 Haec
886 3250 1052 3329 quasi
1072 3249 1411 3312 dubitantes
1442 3250 1647 3311 dicunt
1685 3272 1698 3312 :
1735 3258 1792 3309 et
1841 3248 2110 3310 videntur

452 3337 598 3398 mihi
621 3336 729 3398 viri
754 3338 812 3398 in
845 3338 1013 3401 valde
1045 3339 1321 3418 ambigua
1344 3357 1475 3402 esse
1508 3339 1890 3417 sententia,et
1916 3356 2107 3417 neque

451 3425 621 3486 valde
650 3428 1018 3498 discredere.
1049 3447 1241 3510 neque
1277 3438 1440 3489 recte
1471 3426 1985 3489 credere.Etenim
2008 3426 2105 3486 di-

453 3514 680 3577 cendo:
761 3542 781 3571 ι
819 3517 1219 3596 Sparabamus
1268 3517 1424 3599 quod
1479 3516 1902 3597 redempturus
1950 3516 2110 3576 esset

450 3604 654 3676 Israel,
696 3628 717 3659 ι
753 3605 1228 3667 incredulitatem
1254 3606 1515 3667 indicant
1544 3629 1556 3663 :
1587 3606 1741 3685 quod
1776 3612 1973 3666 autem
2008 3602 2105 3664 di-

453 3701 587 3753 cant
617 3711 748 3755 esse
780 3694 936 3755 diem
972 3696 1237 3775 tertium,
1266 3696 1573 3757 hominum
1630 3702 1719 3756 est
1775 3693 1876 3774 qui
1922 3710 2106 3774 prope

451 3783 839 3844 recordentur
867 3792 1025 3861 quod
1055 3784 1277 3845 dixerit
1321 3783 1450 3847 eis:
1493 3808 1515 3840 ι
1551 3784 1654 3844 Die
1689 3782 1866 3843 tertia
1894 3798 2103 3844 resur-

449 3888 643 3948 gam)
670 3871 737 3932 Et
766 3872 924 3953 quod
958 3873 1123 3947 dicit,
1156 3872 1620 3935 «Exterruerunt
1653 3890 1787 3953 nos,
1812 3896 1838 3925 ι
1878 3871 1989 3931 hoc
2019 3869 2106 3929 si-

450 3970 610 4039 gnat,
673 3962 827 4041 quod
887 3962 1276 4023 incredulitas
1332 3980 1539 4023 eorum
1596 3961 1983 4022 concutiatur.
2035 3959 2106 4020 Et

452 4048 698 4109 omnino
730 4051 779 4111 si
818 4052 1272 4112 considerentur
1300 4068 1634 4123 scrmones,
1671 4048 1911 4110 humani
1941 4053 2102 4116 sunt,

451 4144 509 4198 et
544 4156 814 4217 magnam
850 4138 1279 4201 dubitationem
1306 4139 1618 4221 habent,et
1640 4138 1944 4200 hominum
1968 4154 2105 4215 per-

2188 1827 2311 1882 εἶτα
2367 1828 2454 1882 καὶ
2522 1826 2831 1904 ἀνθρώπων·
2908 1842 2934 1881 ι
3015 1824 3104 1879 καὶ
3176 1821 3380 1886 Παῦλος
3466 1831 3625 1881 τοῦτο
3692 1824 3840 1883 αὑτό.

2195 1939 2223 1971 α
2274 1907 2464 1991 ’Πμεϊς
2493 1912 2547 1969 δὲ
2589 1913 2902 1987 ἠλπίζομεν,
2936 1913 3117 1991 φησὶν,
3165 1910 3244 1967 ὅτι
3269 1913 3424 1975 αὒτός
3466 1911 3608 1969 ἐστιν
3642 1915 3672 1970 ὁ
3705 1911 3839 1987 μὲλ-

2190 2004 2297 2063 λων
2358 2003 2662 2081 λυτροῦσθαι
2720 2005 2808 2058 τὸν
2863 2000 3101 2079 Ἰσραὴλ.
3158 2025 3185 2055 ι
3238 1992 3449 2081 Ὠπερεὶ
3491 2000 3834 2078 2ιαψευειθέν-

2188 2115 2274 2155 τες
2330 2100 2435 2149 τῶν
2507 2091 2750 2160 ἐλπίδων,
2805 2090 2941 2147 οὕτω
3029 2091 3206 2170 φασίν·
3272 2083 3463 2165 Ἡμεῖς
3546 2091 3836 2164 ἠλπίζομεν

2190 2182 2268 2239 ὅτι
2340 2183 2494 2246 αὒτὸς
2550 2182 2636 2237 καὶ
2685 2179 2873 2243 ἀλλους
2931 2179 3115 2252 σώσει,
3182 2181 3264 2235 καὶ
3314 2178 3422 2236 ἰδοὺ
3479 2178 3596 2239 οὐδὲ
3655 2180 3831 2235 ἑαυτὸν

2190 2271 2405 2328 ἔσωσεν·
2482 2270 2643 2332 οῧτως
2703 2270 2935 2347 ἀγεννῶς
2994 2270 3080 2325 καὶ
3113 2268 3343 2331 ἀπίστῶς
3390 2268 3576 2348 εἶχον,
3630 2274 3829 2324 Moven-

2188 2362 2309 2441 ουχὶ
2391 2361 2490 2438 γάρ
2535 2362 2715 2416 ἐκεῖνα
2770 2357 2980 2437 ἔλεγον,
3031 2356 3063 2412 ἀ
3112 2359 3202 2414 καὶ
3258 2359 3303 2414 οἱ
3334 2356 3420 2414 ἐπὶ
3461 2357 3555 2414 τοῦ
3589 2362 3822 2435 σταυροῦ.

2195 2469 2223 2507 ι
2254 2439 2521 2512 γδἈλλους
2590 2446 2806 2518 ἒσωσεν,
2842 2446 3025 2503 ἑαυτὸν
3080 2447 3140 2502 οὔ
3166 2444 3377 2501 δύναται
3428 2452 3621 2502 σῶσαι·
3672 2464 3703 2505 )
3738 2445 3823 2501 Διὸ

2189 2540 2276 2595 καὶ
2330 2538 2584 2607 ἀνοήτους
2658 2536 2840 2598 αὐτοὺς
2899 2534 3189 2615 ἀποκαλεῖ,
3250 2536 3339 2591 καὶ
3368 2533 3585 2613 βραδεῖς
3614 2542 3701 2591 τοῦ
3728 2556 3815 2590 πι-

2191 2628 2408 2684 στεύειν·
2470 2628 2517 2681 τί
2574 2623 2629 2681 δέ
2682 2628 2793 2681 ἔστι
2872 2634 3025 2683 τοῦτο
3102 2626 3186 2695 τὸ,
3266 2646 3293 2678 α
3358 2628 3664 2703 ,λυτροῦσθαι
3730 2624 3810 2677 τὸν

2188 2715 2404 2795 ἰσραήλ
2440 2734 2457 2787 ;
2509 2739 2535 2769 ι)
2575 2714 2848 2794 Διαφόρως
2881 2713 3128 2788 εἴπομεν,
3162 2711 3242 2768 ὅτι
3282 2714 3374 2768 τὸν
3415 2715 3630 2791 Χριστὸν
3647 2732 3800 2788 προσ-

2192 2804 2388 2861 εδόκων
2444 2806 2492 2859 οἱ
2547 2810 2642 2859 τσῦ
2706 2809 2851 2876 λαοῦ,
2908 2803 2995 2857 καὶ
3054 2801 3131 2876 μή
3201 2799 3572 2881 ἀκριϐέστεροι,
3605 2802 3791 2875 σωτῆρα

2193 2898 2278 2953 καὶ
2334 2893 2605 2973 λυτρωτὴν
2649 2892 2755 2947 τῶν
2809 2890 3156 2966 ἐπικειμένων
3215 2890 3397 2955 αὺτοῖς
3470 2896 3649 2967 κακῶν,
3717 2888 3794 2942 καὶ

2190 2986 2283 3041 τοῦ
2336 2989 2493 3060 ζυγοῦ
2546 2980 2640 3048 τῆς
2698 2978 2929 3044 δουλείας
2984 2984 3083 3046 τῆς
3138 2980 3238 3035 ὑπὸ
3269 2977 3567 3054 Ῥωμαίων
3608 2978 3685 3035 καὶ
3707 2978 3801 3051 βι-

2190 3072 2445 3130 σιλεύσειν
2504 3068 2558 3126 δὲ
2617 3071 2770 3126 αὐτὸν
2827 3069 3058 3145 ἓπίγειον
3114 3065 3383 3144 βασιλείαν
3439 3067 3672 3140 ἤλπιζον·
3740 3062 3809 3120 διὸ

2189 3162 2275 3218 καί
2331 3182 2513 3240 φασιν,
2585 3157 2665 3214 δτι
2701 3149 2893 3240 Ἡμεῖς
2922 3156 3237 3231 ἠλπίζομεν,
3270 3155 3349 3212 ὅτι
3380 3158 3468 3213 καὶ
3497 3157 3591 3213 τόν
3619 3152 3812 3236 Ἰσραὴλ

2190 3252 2295 3307 ἀπὸ
2352 3256 2458 3304 τῶν
2512 3247 2727 3304 ἐθνικῶν
2788 3237 3063 3309 ιΡωμαίων
3132 3246 3287 3309 αὒτὸς
3347 3244 3689 3324 λυτρώσεται,
3739 3244 3815 3300 καὶ

2190 3339 2339 3403 οὗτος
2397 3335 2512 3393 οὖδὶ
2568 3337 2665 3403 τήν
2722 3332 2899 3391 ἂδικον
2973 3334 3058 3391 ἔπ’
3121 3338 3263 3409 αὒτῴ
3348 3339 3529 3413 ψῆφον
3598 3333 3813 3414 ἐξέφυγε,

2198 3452 2220 3484 I
2289 3428 2385 3485 Καὶ
2434 3427 2539 3501 μήν
2595 3427 2683 3481 καὶ
2739 3423 2921 3503 τρίτην
2974 3423 3176 3503 ἡμέραν
3234 3423 3349 3501 ἄγει
3426 3424 3678 3502 σήμερον,
3742 3421 3819 3476 καὶ

2191 3529 2441 3596 γυναῖκες
2500 3512 2784 3581 ἐξέστησαν
2874 3513 3043 3588 ἡμᾶς,
3114 3535 3143 3567 ι
3196 3513 3283 3568 καὶ
3330 3514 3395 3568 τά
3457 3510 3605 3584 ἑξῆς,
3662 3519 3818 3569 ταῦτα

2190 3606 2417 3683 ὡσπερεὶ
2504 3601 2876 3681 διαποροῦντες
2962 3616 3111 3680 φασι·
3196 3602 3284 3657 καὶ
3355 3600 3557 3657 ἐοίκασί
3638 3622 3725 3675 μοι
3779 3600 3817 3652 οἱ

2190 3679 2367 3762 ἂνδρες
2433 3683 2487 3738 ὲν
2538 3679 2716 3749 πολλῆ
2787 3679 3243 3761 ἀμφιγνωμοσύνῃ
3329 3682 3494 3751 εἶναι,
3554 3681 3642 3737 καὶ
3696 3679 3820 3753 μήτε

2190 3771 2386 3853 σφόδρα
2456 3772 2726 3846 ἀπιστεῖν,
2782 3772 2917 3844 μήτε
2975 3768 3171 3849 σφόδρα
3252 3770 3539 3831 πιστεύειν.
3615 3771 3685 3827 Τὸ
3735 3767 3820 3837 μὶν

2190 3863 2288 3941 γὰρ
2352 3862 2544 3932 είπεϊν,
2612 3858 2691 3916 ὅτι
2768 3856 3085 3933 Ήλποζομεν
3155 3858 3233 3914 ὅνι
3301 3859 3455 3921 αὐτός
3486 3858 3627 3914 ἐστιν
3678 3858 3705 3913 ὃ
3732 3854 3821 3911 λυ·

2189 3951 2522 4027 τρωσῖμενος
2576 3950 2666 4003 τὸν
2741 3944 2980 4025 Ἰσραὴλ,
3039 3946 3283 4002 ἀπιστίαν
3354 3944 3697 4002 ἱνδείκνυται·
3767 3943 3823 3997 τὸ

2191 4039 2245 4095 δὲ
2304 4037 2498 4116 λέγειν,
2558 4036 2638 4091 ὅτι
2710 4037 2899 4114 Τρίτην
2953 4038 3149 4102 ταύτην
3177 4033 3379 4112 ἡμέραν
3438 4033 3579 4112 ἄγει,
3627 4032 3821 4109 ἀνθρώο

2191 4151 2306 4185 πων
2363 4128 2499 4183 ἐστὶν
2566 4126 2722 4201 ἐγγῦς
2792 4125 2957 4179 ὄντων
3012 4131 3104 4180 τοῦ
3173 4124 3694 4199 ἀναμιμνήσκεσθαι,
3750 4118 3820 4176 ὅτι

452 4210 759 4305 plexnrum
795 4236 855 4289 et
885 4229 1279 4306 ignorantium
1331 4228 1473 4308 quid
1532 4210 1706 4307 agant
1740 4210 1983 4307 propter
2008 4241 2103 4285 re-

2194 4219 2347 4274 εἶπεν
2404 4217 2612 4278 αὐτοῖς·
2678 4233 2707 4273 ι
2739 4220 2816 4288 Τῇ
2846 4214 2994 4291 τρίτῃ
3019 4212 3192 4292 ἡμέρᾳ
3222 4212 3613 4287 ἀναστήσομαι.
3654 4236 3682 4267 ι
3733 4210 3824 4308 καὶ

449 4296 832 4379 surrcctionis
862 4296 1236 4381 m‘iraculum.
1268 4345 1289 4375 σ
1312 4296 1601 4382 Ᾰὺίετυηῖ
1621 4296 2100 4395 αιιιέπιάἱηιιυὶι.

2196 4310 2276 4369 τὸ,
2320 4328 2342 4361 ιι
2370 4304 2690 4369 Ἐξὲστησαν
2720 4304 2886 4377 ἠμᾶς,
2920 4320 2949 4360 D
2978 4302 3213 4359 τοιοῦτόν
3240 4323 3290 4357 τι
3316 4300 3574 4381 ἐμφαίνει,
3603 4301 3744 4380 φημὶ
3766 4296 3823 4363 δὴ

455 4427 476 4460 α
505 4405 741 4484 quidam
768 4424 835 4468 ex
860 4408 950 4468 his
980 4407 1081 4489 qui
1107 4417 1245 4469 sunt
1279 4407 1587 4468 nobiscum
1615 4426 1627 4468 :
1662 4424 1683 4456 ι
1733 4405 1821 4465 vel
1864 4404 2101 4464 Petrum

451 4493 641 4554 solum
666 4494 926 4567 dicit,vel
950 4497 1188 4559 Petrum
1228 4506 1284 4557 et
1313 4494 1706 4559 loannem.Et
1737 4494 1877 4557 hinc
1908 4492 2101 4553 mani-

454 4583 666 4643 festum
713 4586 867 4665 quod
898 4604 1029 4665 qum
1057 4586 1154 4645 alii
1189 4586 1302 4646 late
1348 4585 1571 4657 dicunt,
1608 4583 1706 4643 alii
1745 4580 2102 4660 compendio

454 4673 727 4743 tradunt,
782 4683 839 4735 et
904 4682 1247 4735 transcursu
1323 4681 1647 4734 transeunt.
1701 4669 2099 4733 Ambitionem

449 4760 608 4822 enim
641 4763 796 4824 Petri
819 4773 879 4826 et
906 4763 1150 4825 Joannis
1180 4763 1252 4824 ad
1289 4762 1653 4842 sepulcrum,
1686 4763 1946 4821 Joannes
1966 4758 2099 4839 plu-

452 4848 617 4912 ribus
642 4854 990 4933 complexus
1021 4864 1131 4925 est,
1160 4854 1254 4914 hic
1278 4862 1475 4914 autem
1506 4849 1706 4932 paucis
1737 4849 2101 4910 mentionem

453 4940 699 5005 faciens.
733 4943 908 5004 etiam
943 4943 1181 5005 nomina
1213 4941 1522 5023 praeteriit.

2188 4418 2247 4451 το
2290 4396 2387 4461 τήν
2422 4393 2665 4449 ἀπιστίαι
2694 4390 2865 4447 αὖτὼν
2894 4390 3331 4448 ὑποσαλεύεσθαι.
3366 4382 3563 4454 ιὈλως
3608 4388 3667 4447 δὲ
3699 4410 3819 4446 σκο-

2187 4486 2440 4558 πούμενοι
2514 4483 2561 4538 οἱ
2613 4478 2786 4559 λόγοι,
2861 4479 2983 4559 ἀνθρ
2999 4488 3174 4537 ρπινοι
3204 4486 3282 4553 τῷ
3310 4478 3420 4536 ὄντι
3452 4480 3572 4558 είσὶ,
3604 4481 3699 4535 καὶ
3726 4499 3821 4533 πο-

2187 4575 2278 4631 λὺν
2333 4575 2423 4630 τὸν
2479 4568 2767 4647 δισ.αγμὸν
2821 4568 3064 4649 ἔχοντες,
3112 4571 3199 4627 καὶ
3224 4570 3344 4627 οἷον
3385 4568 3822 4647 ὶπαπορουμὲνων

2186 4668 2273 4721 καὶ
2332 4660 2752 4741 ἀμηχανούντων
2809 4657 2894 4714 διὰ
2949 4660 3011 4715 τὸ
3066 4665 3165 4726 τῆς
3196 4658 3533 4721 ἀναστάσεως
3582 4656 3816 4723 ἐξαίσιον.

2192 4774 2215 4811 ιι
2292 4749 2557 4818 Ἀπῆλθον
2588 4747 2668 4822 δὲ,
2698 4749 2848 4827 φασὶ,
2892 4748 3031 4810 τινὲς
3064 4755 3167 4804 τῶν
3212 4750 3303 4805 σὺν
3332 4749 3490 4823 ἡμῖν.
3552 4770 3581 4802 ι
3632 4744 3649 4767 ⁹
3677 4753 3719 4804 Π
3745 4746 3823 4800 τὸν

2191 4842 2383 4921 Πέτρον
2442 4839 2603 4913 μόνον
2660 4838 2842 4916 φησὶν,
2900 4835 2934 4903 ἤ
3032 4839 3123 4893 τὸν
3181 4837 3377 4915 Πέτρον
3425 4837 3512 4892 καὶ
3578 4836 3822 4899 Ιωάννην.

2187 4932 2473 4992 Κάντεῠθεν
2528 4925 2717 4995 δῆλον,
2778 4925 2859 4982 ὅτι
2927 4926 2961 4981 ἄ
3017 4924 3263 4991 πλατέως
3335 4925 3503 5005 ἕτεροι
3562 4923 3820 5004 λέγωσιν,

453 5029 605 5087 ἄλλοι
639 5033 911 5107 συντόμως
956 5035 1045 5089 καὶ
1078 5013 1438 5109 ἐπιδρομείδην
1469 5030 1796 5109 διέρχονται.
1832 5026 2038 5105 νεξσπερ
2067 5034 2153 5083 οὖν
2180 5022 2269 5078 καὶ
2298 5019 2395 5085 τὴν
2440 5016 2524 5073 ἐπὶ
2552 5018 2612 5071 τὸ
2644 5026 2909 5090 μνημεῖον
2942 5013 3111 5095 ἄφιξιν
3161 5016 3358 5090 Πέτρου
3387 5016 3477 5071 καὶ
3507 5014 3774 5092 Ἰωάννου,
3804 5021 3825 5075 ὁ

450 5122 547 5191 μὲν
580 5122 831 5188 Ἰωάννης
862 5122 1184 5199 πλατύτερον
1213 5119 1497 5191 διεξῆλθεν,
1535 5128 1685 5183 οὗτος
1716 5116 1795 5189 δὲ,
1827 5115 2017 5194 ὀλίγων
2053 5111 2424 5190 ἐπιμνησθεὶς,
2452 5103 3062 5199 ἀνωνύμωςῌπαρῆλθεν.

531 5198 718 5271 Vens.
749 5209 966 5272 25-35.
1000 5233 1026 5266 ε
1064 5198 1138 5271 Et
1183 5209 1312 5289 ipse
1334 5208 1479 5269 dixit
1502 5208 1576 5269 ad
1618 5223 1760 5268 eos:
1787 5202 1834 5267 Ο
1864 5203 2023 5265 stulti
2049 5212 2107 5264 et

456 5298 604 5360 tardi
637 5299 815 5359 corde
846 5299 917 5360 ad
956 5299 1327 5360 credendum
1360 5296 1419 5358 in
1452 5294 1730 5358 omnibus
1759 5311 1889 5372 quae
1920 5292 2101 5353 locuti

453 5396 590 5448 sunt
615 5388 937 5464 prophetae!
971 5386 1181 5450 Nonne
1203 5387 1329 5450 haec
1350 5385 1604 5467 oportuit
1633 5381 1756 5465 pati
1778 5381 2101 5461 Christum,

453 5485 509 5535 et
536 5476 757 5538 intrare
789 5475 850 5537 in
882 5476 1128 5555 gloriam
1164 5475 1371 5538 suam?
1410 5475 1483 5537 Et
1515 5490 1760 5536 exorsus
1788 5488 1821 5532 a
1852 5471 2015 5533 Mose
2048 5479 2102 5532 et

530 5633 583 5678 ⁸⁵
613 5634 815 5700 Matth.
850 5653 911 5717 v,
943 5637 1003 5699 8.
1092 5634 1213 5698 “Il
1246 5638 1381 5699 Cor.
1417 5650 1540 5712 wn,
1570 5633 1672 5698 '21.

2357 5207 2370 5218 ν
2414 5184 2429 5215 ι
2530 5195 2646 5227 ’,κ’
2982 5195 2996 5213 \
3139 5196 3152 5215 9
3226 5196 3241 5213 ε
3292 5210 3306 5224 ,
3366 5184 3392 5206 τ
3493 5192 3505 5212 9
3570 5195 3579 5210 ι
3816 5196 3823 5205 κ

2272 5222 2298 5252 α
2338 5208 2432 5254 hau
2492 5215 2645 5254 αυιο,
2721 5193 2847 5249 εἶπε
2908 5215 3038 5270 προς
3098 5216 3283 5258 αυτους
3388 5205 3429 5250 Ω
3488 5216 3708 5261 ανοητοι
3750 5211 3825 5247 και

2188 5285 2399 5367 βραδεῖς
2454 5284 2520 5351 τῆ
2581 5280 2765 5361 καρδίᾳ
2824 5284 2917 5339 τοῦ
2946 5285 3211 5340 πιστεῦειν
3240 5285 3329 5340 Eni
3369 5290 3555 5355 πᾶσιν,
3588 5282 3680 5349 οἶξ
3708 5280 3820 5338 ἑλά-

2187 5380 2356 5445 λησαν
2415 5378 2462 5432 οἱ
2530 5376 2822 5449 προφῆται,
2890 5374 3013 5454 οὖχὶ
3068 5380 3235 5431 ταῦτα
3309 5371 3411 5431 ἔδει
3496 5375 3692 5429 παθεῖν
3742 5370 3819 5426 τὸν

2189 5469 2430 5549 Χριστὸν,
2485 5464 2571 5519 καὶ
2655 5460 2910 5518 εἰσελθεῖν
2967 5465 3039 5525 εἷς
3089 5464 3189 5530 τήν
3247 5461 3396 5528 δόξαν
3469 5465 3681 5532 αὐτοῦς
3740 5457 3819 5515 Κιὶ
