4126 6282
448 374 603 439 1119

1421 387 1523 447 ΤΗ
1536 386 2016 449 EOPHYLACTI
2064 384 2465 447 BULGARLE
2513 387 2866 449 ARCHIEP.

3692 382 3869 448 1190

443 508 634 570 cendo
665 529 680 569 :
717 520 777 572 et
805 516 1333 589 resurrectionem,
1366 516 1538 577 vitam
1588 524 1847 578 nostram
1898 518 2095 579 nomi-

2186 513 2421 595 Ἀϐραὰμ
2489 520 2587 585 τὴν
2640 519 2842 597 ἡμέραν
2900 520 3056 575 αὗτοῦ
3124 521 3213 576 καὶ
3241 518 3689 596 ἁγαλλιὰσασθαι·
3751 528 3871 575 καί

443 597 736 659 nando.[n
752 600 999 681 reliquis
1019 612 1214 664 autem
1238 606 1543 684 prophetis
1566 605 1816 684 sparsim
1837 606 1949 667 sita
1966 614 2104 668 sunt

446 704 578 765 quae
596 685 670 746 de
696 706 871 750 cruce
896 700 952 752 et
971 694 1415 755 resurreclione
1438 695 1737 768 dicuntur,
1776 698 2099 774 praesertim

444 774 507 834 in
542 774 997 840 clarioribus.Et
1027 792 1267 860 possent
1295 802 1361 843 ex
1398 784 1515 845 illis
1535 804 1601 842 ea
1649 784 1786 845 492’)
1818 803 2096 845 recense-

444 862 597 924 ri.At
630 871 1223 947 tu,quarso.attendas
1253 872 1551 951 quomodo
1586 891 1691 952 per
1712 873 2096 933 afﬂictionem

444 960 616 1014 eatur
647 954 705 1015 in
737 956 986 1035 gloriam
1043 958 1169 1019 Dei.
1220 960 1475 1022 Simulat
1515 968 1710 1023 autem
1762 981 1828 1023 se
1867 962 2100 1040 longius

441 1040 686 1123 iturum,
710 1044 881 1123 juxta
915 1047 1232 1108 humanam
1270 1040 1561 1111 naturam.
1594 1048 1668 1110 Et
1689 1050 1924 1129 quando
1959 1069 2096 1129 per-

448 1130 643 1209 mittit,
678 1140 815 1194 tunc
847 1135 1200 1214 aperiuntur
1239 1138 1391 1199 oculi
1427 1156 1658 1218 eorum,
1685 1146 1744 1199 et
1774 1147 2100 1216 agnoscunt

444 1236 601 1279 eum.
639 1218 981 1285 Insinuatur
1029 1234 1223 1285 autem
1260 1236 1314 1289 et
1349 1226 1508 1287 aliud
1543 1226 1850 1306 quiddam,
1886 1246 2101 1306 nempe

449 1307 603 1387 quod
625 1311 781 1370 oculi
804 1330 1009 1374 eorum
1026 1314 1123 1393 qui
1147 1313 1523 1376 benedictum
1542 1334 1752 1395 panem
1767 1326 2098 1389 assumunt,

447 1396 792 1473 aperiuntur
822 1410 885 1462 ut
916 1414 1235 1479 agnoscant
1269 1403 1728 1482 illum.Magnam
1764 1406 1922 1466 enim
1945 1407 2102 1466 etin-

449 1484 754 1549 dicibilem
786 1491 898 1549 vim
938 1491 1114 1553 habet
1142 1511 1280 1553 caro
1316 1492 1572 1556 Domini.
1626 1492 1874 1554 Evanuit
1905 1503 2100 1555 autem

452 1572 527 1634 ab
558 1577 668 1649 eis;
703 1597 896 1658 neque
928 1580 1084 1642 enim
1133 1582 1326 1642 adhuc
1384 1581 1638 1642 habebat
1689 1602 1905 1662 corpus
1949 1583 2106 1662 quod

456 1664 705 1725 multum
740 1670 1033 1747 corporali
1065 1672 1239 1731 modo
1274 1690 1405 1731 cum
1443 1672 1527 1731 eis
1557 1681 2107 1746 comersaretur,ut
2140 1689 2165 1733 ,ι

456 1770 522 1813 ex
557 1753 667 1815 hoc
694 1755 928 1819 illorum
956 1769 1252 1822 cresceret
1279 1761 1641 1821 desiderium
1675 1760 1819 1821 Nam
1849 1763 1925 1823 ita
1948 1762 2107 1824 exhi—

456 1841 625 1903 larati
660 1844 921 1923 fuerunt,
956 1858 1015 1909 ut
1046 1850 1143 1910 illa
1172 1850 1301 1928 ipsa
1356 1851 1500 1911 hora
1551 1862 1882 1929 surgerent,
1918 1862 1973 1912 et
2005 1870 2107 1912 re-

457 1938 827 1996 verterentur
854 1936 911 1997 in
934 1939 1414 1999 Jerusalemmon
1443 1939 1649 2001 eadem
1675 1941 1913 2020 quidem
1937 1941 2102 2015 hora,

460 2020 563 2081 sed
608 2035 998 2087 surrexerunt
1028 2028 1270 2108 quidem
1312 2030 1457 2091 hora
1488 2028 1609 2103 illa,
1648 2030 1880 2091 reversi
1910 2038 2103 2091 autem

460 2118 594 2170 sunt
628 2121 759 2191 post
788 2116 1149 2196 complures,
1198 2118 1526 2178 secundum
1586 2118 1740 2197 quod
1792 2118 2107 2181 verisimile

457 2207 543 2257 est
592 2199 707 2262 iter
760 2204 975 2266 fecisse
998 2216 1209 2266 euntes
1241 2211 1495 2285 spatium
1539 2208 1838 2284 saxaginta
1870 2208 2102 2269 stadio-

457 2304 612 2361 rum,
650 2291 707 2350 in
758 2293 970 2373 quibus
1001 2294 1243 2354 omnino
1272 2304 1329 2355 et
1362 2294 1647 2357 Dominus
1697 2296 1856 2357 visus
1888 2303 1981 2359 est
2011 2295 2100 2357 Si-

460 2376 643 2450 moni,
673 2378 814 2439 dum
846 2381 931 2441 illi
958 2382 1198 2442 interim
1228 2391 1611 2443 revertuntur
1638 2384 2107 2445 Jerusalem.Ar-

458 2464 607 2525 dens
636 2479 832 2528 autem
868 2479 993 2531 erat
1023 2489 1125 2531 cor
1154 2472 1482 2546 eorum,vel
1507 2471 1643 2531 dum
1678 2472 1813 2551 igne
1842 2472 2107 2551 eloquio-

458 2571 588 2613 ru'u
624 2552 857 2618 Domini
890 2558 991 2618 illo
1024 2559 1449 2639 interpretante
1474 2560 1829 2621 intrinsecus
1858 2579 2102 2624 succen-

458 2640 770 2719 derentur,
806 2659 861 2705 et
886 2646 1005 2706 illis
1036 2667 1167 2726 qua;
1197 2648 1568 2728 dicebantur,
1602 2650 2110 2711 assentirenturut

461 2732 615 2791 veris
651 2751 663 2794 :
702 2735 788 2794 vel
822 2736 961 2797 dum
1012 2736 1114 2797 illo
1147 2738 1575 2816 interpretante
1610 2738 1947 2818 Scripturas
1973 2746 2107 2799 tan-

455 2829 701 2895 geretur
731 2842 836 2884 cor
868 2842 1076 2886 earum
1103 2826 1487 2901 intrinsecus,
1520 2827 1673 2906 quod
1722 2828 1815 2888 hic
1863 2827 1961 2906 qui
1996 2847 2106 2887 no-

459 2908 551 2969 bis
583 2910 1008 2992 interpretatur
1029 2914 1390 2994 Scripturas.
1427 2914 1696 2978 Christus
1729 2925 1837 2977 est.

2184 608 2269 685 τὸ,
2345 630 2372 660 ι
2440 597 2682 681 "orbasti:
2738 609 2834 675 τὴν
2902 608 3045 678 ζωὴν
3085 609 3236 682 ἡμῶν
3280 608 3642 686 κρεμσμένην,
3699 631 3728 662 ι
3798 606 3867 662 ἐν

2186 700 2358 767 ταυτῷ
2415 697 2500 750 καὶ
2555 698 2653 761 τὴν
2709 698 2997 772 σταύρωσιν
3054 694 3215 762 δηλοῖ
3244 695 3326 751 δια
3358 705 3450 753 τοῦ
3491 698 3863 771 κρεμαμένην

2184 784 2379 853 εἰπεῖν,
2441 786 2526 839 καὶ
2587 786 2684 850 τὴν
2742 786 3025 841 ἀνάστασιν
3065 784 3148 840 διὰ
3178 792 3267 840 τοῦ
3312 787 3409 852 τὴν
3451 790 3594 856 ζωὴν
3626 786 3858 859 ὀνομά-

2182 894 2293 933 σαι.
2358 875 2457 929 Καὶ
2524 873 2577 928 ὲν
2637 877 2760 935 ταῖς
2815 873 3036 936 λοιπαῖς
3061 873 3116 929 δὲ
3187 876 3528 953 προφητείαις
3564 872 3857 949 σποραδτ,ν

2180 976 2387 1016 κεένται
2440 963 2506 1019 τὰ
2569 963 2686 1040 περὶ
2742 962 2834 1019 τοῦ
2887 971 3108 1041 σταυροῦ
3176 965 3264 1019 καὶ
3314 964 3411 1030 τῆς
3467 964 3848 1034 ἀναστάσεως,

2179 1052 2268 1105 καὶ
2316 1048 2549 1123 μάλιστα
2610 1051 2664 1106 ἐν
2722 1065 2841 1117 τοῖς
2896 1051 3345 1131 ἐπιφανεστέρας,
3425 1055 3512 1109 καὶ
3582 1054 3857 1131 πάρεστιν

2177 1136 2383 1194 ἆκεϊθεν
2453 1140 2616 1196 ταῦεα
2661 1139 3028 1218 ἀναλέγεσθαι,
3089 1142 3287 1197 Σκόπει
3363 1140 3417 1197 δὲ
3446 1165 3559 1215 μοι,
3618 1144 3737 1203 πῶς
3770 1144 3850 1196 ὲκ

2178 1238 2271 1287 τοῦ
2328 1232 2653 1285 κακοπαθεῖν
2710 1232 2771 1286 τὸ
2838 1228 3090 1286 εἰσελθεῖν
3150 1231 3230 1296 εἷς
3302 1232 3402 1298 τὴν
3460 1229 3612 1295 δόξαν
3668 1230 3847 1287 ἐστίν.

2181 1323 2558 1395 Προσποιετται
2615 1316 2669 1373 δὲ
2726 1317 3041 1396 ποῤῥωτέρω
3122 1320 3455 1391 πορεύεσθαι,
3550 1318 3686 1374 κατὰ
3771 1320 3845 1374 τὸ

2182 1405 2507 1485 ἀνθρώπινον
2577 1408 2813 1469 πάντως.
2866 1400 3007 1465 ’Ὅτε
3040 1405 3093 1463 δὲ
3137 1423 3434 1488 συγχωρεῖ,
3480 1410 3600 1465 τότε
3628 1406 3847 1464 διανοί-

2184 1517 2366 1572 γονται
2452 1497 2497 1551 οἱ
2569 1494 2829 1574 ὀφθαλμοὶ
2886 1500 3078 1566 αὗτῶν,
3140 1499 3228 1553 καὶ
3274 1498 3577 1575 ἐπέγνωσαν
3642 1497 3835 1553 αὒτόν.

2190 1583 2475 1638 Αἰνίττεται
2538 1582 2591 1638 δέ
2634 1606 2683 1639 τι
2716 1585 2802 1639 καὶ
2846 1582 3044 1661 ἕτερον,
3093 1584 3172 1640 ὅτι
3202 1600 3318 1652 τοῖς
3368 1584 3846 1661 μεταλαμϐάνωσι

2185 1679 2280 1731 τοῦ
2337 1672 2697 1750 εὖλογημένου
2755 1674 2936 1748 ἄρτου,
2982 1672 3329 1752 διανοίγονται
3374 1678 3421 1731 οἱ
3454 1673 3712 1755 ὀφθαλμοὶ
3758 1677 3846 1738 εἰς

2188 1762 2249 1815 τὸ
2306 1760 2590 1837 ἐπιγνῶναι
2649 1760 2829 1823 αὐτόν,
2865 1760 3117 1840 Μεγάλην
3159 1764 3258 1841 γὰρ
3303 1764 3391 1819 καὶ
3433 1763 3630 1843 ἄφατον
3672 1760 3843 1819 δύνα-

2190 1872 2279 1918 μιν
2335 1848 2449 1928 ἔχει
2511 1852 2544 1917 ἡ
2607 1858 2696 1905 τοῦ
2770 1850 2955 1928 Κυρίου
3011 1850 3157 1928 σάρξ.
3219 1849 3451 1931 Ἀφανεὶκς
3525 1850 3579 1906 δὲ
3632 1852 3845 1929 γίνεται

2190 1936 2281 1993 ἀπ’
2354 1942 2544 1997 αὐτῶν
2618 1943 2712 1997 οὐκ
2774 1939 2849 1994 ἔτι
2906 1941 3005 2018 γὰρ
3035 1947 3276 1998 τοιοῦτον
3304 1942 3433 2021 εἶχε
3481 1944 3658 2020 σῶμα,
3714 1941 3845 1996 οἶον

2189 2026 2273 2083 ἐπὶ
2327 2028 2459 2083 πολὺ
2510 2033 2827 2101 σωματικῶς
2913 2027 3206 2107 συνδιάγειν
3290 2030 3492 2104 αὒτοϊς,
3564 2031 3651 2085 καὶ
3723 2028 3842 2103 ἅμα

2189 2118 2282 2175 ’ἕνα
2353 2118 2568 2175 πλείονα
2622 2118 2684 2175 ἐκ
2738 2121 2924 2176 τούτου
2980 2122 3070 2176 τὸν
3124 2122 3283 2177 πόθον
3317 2120 3590 2198 ἐπαυξιςσῃ
3622 2121 3841 2184 αὐτοῖς.

2191 2207 2342 2265 Οὕτω
2411 2215 2535 2285 γοῦν
2592 2208 2891 2288 ἐχάρησαν,
2925 2208 3062 2265 ὣστε
3094 2211 3224 2285 αὒτῇ
3254 2210 3321 2278 τῆ
3350 2210 3460 2288 ὥρᾳ
3516 2211 3842 2288 ἀναστῆναι,

2191 2300 2276 2352 καὶ
2330 2298 2655 2375 ὑποστρέψαι
2743 2298 2817 2360 εἷς
2891 2289 3255 2376 Ἰερουσαλὴμ,
3317 2298 3412 2353 οὒκ
3465 2300 3598 2374 αὐτῇ
3655 2297 3713 2352 δὲ
3767 2305 3845 2373 τῇ

2189 2386 2320 2463 ὥρα.
2401 2384 2725 2452 Ἀνέστησαν
2782 2389 2877 2460 μὲν
2929 2388 3029 2464 γὰρ
3111 2387 3229 2442 κατ’
3289 2388 3453 2452 αὐτὴν
3512 2388 3613 2451 τὴν
3668 2386 3843 2461 ὥραν.

2188 2475 2520 2552 ὑπέστρεψα-ι
2586 2474 2639 2530 δέ
2699 2476 2833 2547 μετὰ
2899 2474 3131 2549 πλείους,
3194 2474 3321 2538 ὅσας
3354 2478 3493 2539 εἰκὸς
3536 2476 3602 2542 ἦν
3647 2475 3841 2536 αὐτούς

2190 2569 2409 2630 ποιῆσαι
2470 2567 2526 2619 τὸ
2583 2562 2849 2638 διάστημα
2906 2568 3010 2619 τῶν
3054 2564 3306 2635 ἑξήκοντα
3339 2563 3559 2621 σταδίων
3590 2563 3839 2640 βαδίζον-

2190 2674 2308 2722 τας,
2395 2656 2449 2708 ἒν
2480 2654 2569 2714 αἶς
2605 2654 2817 2717 παντως
2846 2654 2934 2708 καὶ
2963 2656 2990 2709 ὁ
3024 2655 3298 2721 Δεσπότης
3328 2653 3477 2733 ὤφθη
3525 2662 3602 2727 τῷ
3634 2654 3836 2729 Σίμωνι

2191 2740 2274 2797 διὰ
2370 2742 2556 2817 μέσου,
2619 2741 3032 2819 ὁδοιπορούντων
3094 2742 3262 2798 αὖτῶν
3290 2746 3345 2798 ὲν
3376 2749 3443 2819 τῇ
3498 2744 3826 2820 ὑποστροφῇ.

2190 2830 2466 2906 Καιομένη
2523 2831 2575 2887 δὲ
2647 2834 2714 2897 ἦν
2770 2832 2803 2896 ἡ
2833 2830 3015 2909 καρδία
3074 2833 3268 2905 αὑτῶν,
3326 2831 3362 2899 ἢ
3433 2838 3509 2904 τῷ
3563 2834 3675 2908 π)ρὶ
3716 2832 3825 2885 τῶν

2191 2918 2362 2997 λόγων
2418 2928 2507 2977 τοῦ
2543 2922 2746 2999 Κυρὲου’
2795 2921 3171 2999 ἐρμηνεύοντος
3204 2923 3303 2999 γὰρ
3362 2922 3569 2994 αὐτοῖς,
3623 2918 3819 2994 διεθερ-

458 3005 705 3078 μαίνοντο
732 3007 921 3064 ἔσωθεν
950 3013 1038 3066 καὶ
1092 3010 1463 3067 συνίιετθεντο
1523 3011 1605 3067 ἐπὶ
1653 3026 1769 3075 τοτς
1832 3011 2137 3089 λεγομένοις
2193 3015 2266 3075 ὡς
2300 3012 2548 3080 ἀληθέσιν
2578 3029 2593 3043 '
2639 3014 2672 3080 ἢ
2718 3011 2797 3068 ὅτι
2848 3012 3223 3090 ἑρμηνεύοντπ
3258 3013 3441 3077 αὐτοῖς
3471 3015 3565 3076 τὰς
3597 3013 3829 3095 Γραιρὶις⁹

457 3094 751 3153 ἐπάτασσεν
783 3098 976 3155 ἔσωθεν
1006 3102 1039 3167 ἡ
1067 3098 1249 3175 καρδία
1282 3105 1475 3176 αὖτῶν,
1510 3099 1589 3158 ὅτι
1623 3110 1783 3164 Οὗτος
1816 3104 1843 3157 ὀ
1875 3104 2178 3176 ἑρμηνεύων
2207 3105 2341 3177 ἡμῖν
2372 3107 2514 3159 ἔστιν
2547 3103 2574 3158 ὁ
2611 3104 2819 3180 Κύριος,

536 3186 717 3253 VERS.
747 3192 955 3255 36-44.
996 3216 1022 3247 α
1061 3195 1209 3255 Dum
1234 3201 1426 3254 autem
1460 3195 1584 3256 haec
1606 3195 1948 3275 loquuntur,
1976 3204 2102 3256 ste-
2122 3204 2159 3254 C

457 3276 708 3339 titJesus
732 3278 857 3358 ipse
889 3280 947 3341 in
982 3281 1174 3341 medio
1209 3290 1505 3356 eorum,et
1532 3284 1677 3344 dixit
1709 3286 1792 3344 eis
1821 3304 1833 3343 :
1870 3286 1985 3346 Pax
2010 3303 2105 3344 vo-

456 3364 569 3428 bis.
594 3366 967 3446 Expavefacti
1000 3389 1135 3431 vero
1169 3377 1229 3433 et
1261 3372 1586 3445 conterriti,
1615 3372 2007 3435 exstimabant
2041 3392 2105 3433 se

452 3454 725 3533 spiritum
757 3459 955 3520 videre
994 3480 1006 3521 :
1046 3468 1103 3519 et
1135 3461 1281 3519 dixit
1310 3462 1396 3520 eis
1430 3479 1442 3522 :
1486 3460 1635 3532 Quid
1674 3460 1887 3521 turbati
1936 3464 2100 3535 estis,

454 3552 512 3603 et
541 3546 921 3621 cogitationes
943 3549 1269 3608 ascendunt
1298 3549 1355 3609 in
1388 3550 1670 3609 cordibus
1716 3551 1923 3610 vestris
1944 3557 1971 3613 ?
2007 3551 2103 3611 \‘i-

456 3631 590 3719 dete
621 3654 828 3696 manus
854 3654 1015 3697 meas
1040 3645 1097 3697 et
1121 3637 1301 3715 pedes
1321 3640 1655 3718 meos,quia
1674 3639 1925 3719 egoipse
1940 3659 2094 3700 sum.

456 3718 827 3783 Contrectate
862 3743 954 3785 me
982 3736 1041 3787 et
1070 3725 1283 3805 videte,
1320 3727 1459 3805 quia
1497 3728 1738 3807 spiritus
1780 3718 2017 3790 carnem
2043 3736 2102 3789 et

455 3827 589 3869 ossa
622 3830 735 3870 non
765 3812 961 3879 habet.
997 3815 1147 3874 sicut
1180 3834 1272 3875 me
1320 3816 1527 3877 videtis
1585 3816 1828 3878 habere.
1866 3816 1933 3877 Et
1965 3835 2099 3878 cum

456 3898 578 3958 haec
604 3900 860 3974 tlleSSt't,
896 3902 1152 3965 ostendit
1186 3903 1273 3963 eis
1300 3924 1508 3964 manus
1543 3925 1613 3967 ac
1652 3906 1853 3986 pedes.
1888 3906 2099 3968 Adhuc

458 3996 650 4047 autem
688 3988 800 4050 illis
833 4009 948 4051 non
982 3992 1363 4053 credentibus
1396 4013 1512 4073 prie
1547 3996 1851 4073 gaudio,et
1875 3996 2094 4056 miran-

457 4074 634 4155 tibus,
673 4077 816 4139 dixit
844 4079 932 4141 eis
966 4101 979 4139 :
1013 4080 1253 4142 Habetis
1285 4083 1378 4143 hic
1412 4084 1635 4163 aliquid
1670 4083 1881 4145 edulii?
1912 4087 1988 4146 At
2014 4083 2100 4146 illi

456 4164 798 4229 obtulerunt
827 4172 878 4230 ei
914 4178 1137 4244 partem
1190 4172 1365 4249 piscis
1419 4175 1617 4247 assati,
1652 4182 1710 4235 et
1739 4175 1964 4253 aliquid
2025 4177 2100 4235 de

454 4254 579 4313 favo
611 4256 856 4335 apiario:
885 4267 942 4319 et
971 4260 1221 4341 accepit,
1258 4270 1315 4322 et
1366 4262 1425 4323 in
1484 4273 1807 4342 conspectu
1859 4264 2099 4325 illorum

455 4345 735 4425 comedit,
769 4355 826 4407 et
856 4348 1005 4409 dixit
1041 4350 1110 4409 ad
1144 4369 1246 4410 eos
1276 4368 1287 4412 :
1327 4353 1459 4412 Hzec
1487 4362 1625 4413 sunt
1655 4353 1832 4413 verba
1860 4372 1990 4431 quae
2018 4353 2101 4413 lo-

454 4442 623 4493 cutus
671 4454 799 4495 sum
833 4436 902 4495 ad
939 4456 1037 4497 vos
1081 4458 1212 4499 cum
1278 4441 1471 4501 adhuc
1520 4460 1712 4501 essem
1766 4442 2093 4507 vobiscum.

2273 3218 2295 3251 ε
2332 3200 2503 3254 Ταῦτα
2563 3194 2616 3250 δὲ
2674 3199 2842 3253 αὒτῶν
2892 3195 3212 3260 λαλούντων,
3247 3198 3330 3252 καὶ
3376 3196 3531 3260 αὖτος
3564 3197 3591 3253 ὃ
3623 3194 3829 3262 Ἰησώς

2186 3287 2312 3351 ἔστη
2370 3286 2425 3340 έν
2479 3285 2628 3359 μέσῳ
2696 3288 2799 3341 τῶν
2875 3289 3126 3360 μαθητῶν
3185 3287 3365 3359 αὑτοῦ,
3412 3288 3499 3341 καὶ
3548 3285 3694 3363 λέγει
3726 3286 3831 3341 αὒ-

2185 3375 2329 3438 τοῖς·
2367 3376 2560 3452 Εἰρήνη
2619 3376 2767 3448 ὑμῖν,
2833 3375 3152 3441 Πτοηθέντες
3182 3372 3236 3430 ὁέ
3276 3376 3363 3430 καὶ
3406 3373 3626 3453 ἔμφοϐοι
3668 3374 3833 3452 γενό-

2187 3485 2359 3539 μενοι,
2433 3461 2644 3519 ἐδόκουν
2696 3463 2900 3537 πνεῦμα
2959 3468 3201 3538 θεωρεῖν·
3275 3465 3363 3519 καὶ
3419 3464 3571 3520 εἶπεν
3620 3467 3826 3524 αὐτοῖς’

2188 3553 2248 3610 Τί
2300 3552 2677 3629 τεταραγμένοι
2750 3551 2869 3608 ἐστέ
2917 3571 2932 3624 ;
2997 3554 3093 3609 Καί
3158 3551 3293 3608 διατί
3322 3550 3651 3629 διαλογισμοὶ
3690 3551 3832 3606 ἆνα-

2189 3639 2446 3697 ϐαίνουσιν
2503 3641 2557 3696 ἐν
2612 3655 2733 3705 ταῖς
2765 3641 2999 3719 καρδίαις
3030 3643 3177 3715 ὑμῶν
3212 3661 3228 3720 ;
3266 3640 3449 3699 ’Ἴδετε
3491 3643 3584 3701 τας
3630 3654 3832 3719 χεῖρας

2184 3732 2269 3785 καὶ
2326 3732 2445 3790 τοὺς
2508 3730 2670 3795 πόδας
2728 3753 2851 3806 μου,
2912 3730 2991 3787 ὅτι
3047 3733 3203 3794 αὐτὸς
3234 3730 3338 3809 ἐγὼ
3366 3733 3495 3805 εἶμι.
3549 3730 3825 3810 Ψηλαφή-

2183 3819 2308 3875 σατέ
2375 3840 2440 3894 με
2498 3822 2585 3875 κχὶ
2655 3819 2820 3892 ῗδέτε,
2852 3822 2931 3875 ὃτι
2977 3828 3183 3896 πνεῦμα
3216 3823 3382 3900 σάρκα
3411 3822 3497 3876 καὶ
3525 3820 3681 3877 ὀστέα
3732 3819 3830 3875 οὐκ

2181 3906 2323 3986 ἔχει,
2384 3910 2555 3972 καθὼς
2624 3909 2718 3982 ἐμὲ
2748 3912 2995 3988 θεωρεῖτε
3028 3907 3246 3988 ἔχοντα.
3297 3911 3393 3967 Καὶ
3436 3909 3823 3988 τοῦτοᾷεἷπὼν,

2182 3995 2370 4061 ἔδειξεν
2428 3997 2606 4061 αὐτοῖς
2666 3999 2757 4060 τὰς
2829 4012 3018 4077 χεῖρας
3088 3999 3177 4053 καὶ
3206 3998 3325 4060 τοὺς
3354 3986 3711 4062 πόδας.”Ετι
3769 3994 3825 4051 δὲ

2183 4086 2541 4147 ἀπιστούντων
2600 4086 2771 4142 αὖτῶν
2829 4087 2934 4143 ἀπὸ
2991 4092 3090 4155 τῆς
3158 4094 3329 4167 χαρᾶς
3386 4089 3473 4142 καὶ
3522 4086 3821 4161 θαυμαζόνο

2181 4196 2309 4245 τον,
2374 4176 2528 4231 εἶπεν
2586 4180 2785 4240 αὗτοτς⁹
2863 4175 3080 4256 ’Ἔχετέ
3107 4198 3154 4231 τι
3184 4176 3452 4254 βρώσιμον
3484 4174 3658 4231 ἐνθάδε
3696 4190 3712 4246 ;
3760 4177 3822 4232 Oi

2182 4262 2235 4318 δὲ
2292 4262 2560 4320 ἐπέδωκαν
2640 4268 2781 4338 αὖτῴ
2823 4267 3005 4344 ἰχθῦος
3046 4266 3210 4321 ὀπτοῦ
3242 4267 3424 4343 μέρος,
3458 4267 3543 4320 καὶ
3584 4264 3689 4320 ἀπὸ
3721 4285 3826 4337 με-

2182 4352 2383 4411 λισσίου
2441 4354 2645 4430 κηρὲου’
2706 4356 2792 4410 καὶ
2850 4353 3026 4410 λαϐὼν
3084 4354 3309 4410 ἐνώπιον
3384 4358 3552 4412 αὐτῶν
3607 4352 3821 4429 ἔφαγεν.

2186 4444 2319 4495 Eine
2390 4439 2443 4495 δὲ
2502 4444 2707 4503 αὖτοῗς·
2783 4445 2936 4501 Οὗτοι
3009 4446 3055 4498 οἱ
3113 4441 3380 4520 λὸγοιοῧς
3412 4439 3645 4506 ἐλάλησα
3694 4444 3825 4518 πρὸς

455 4522 609 4601 quod
645 4542 885 4585 necesse
913 4526 1060 4587 foret
1092 4527 1325 4606 impleri
1354 4531 1699 4606 omniaquae
1724 4532 1946 4609 scripta
1965 4539 2099 4591 sunt

2186 4531 2317 4602 ὒμέις
2379 4529 2451 4584 ἔτι
2511 4530 2583 4585 ὤν
2613 4532 2704 4584 σὺν
2734 4532 2882 4610 ὑμῖν,
2918 4532 2999 4587 ὃτι
3043 4530 3125 4587 δεῖ
3171 4530 3517 4607 πληρωθῆναι
3559 4530 3734 4584 πάντα
3760 4530 3827 4584 τὰ

454 4611 513 4671 in
548 4612 675 4689 lege
710 4614 946 4685 Mosi,et
980 4618 1305 4696 pmphetis,
1342 4628 1399 4678 et
1427 4618 1675 4679 Psalmis
1707 4621 1781 4680 de
1816 4620 2100 4680 me.oDo-

455 4699 649 4759 minus
681 4714 923 4779 propter
940 4704 1189 4765 salutem
1219 4716 1474 4767 nostram
1506 4709 1703 4769 omnia
1736 4708 2103 4783 faciens,stat

455 4788 512 4848 in
549 4788 741 4849 medio
768 4790 1435 4871 discipulorum,volens
1464 4796 1581 4858 illis
1600 4797 2099 4858 resurrectionem

455 4876 895 4939 credibiliorem
930 4882 1080 4962 ﬁeri,
1114 4892 1171 4944 et
1206 4884 1456 4964 primum
1489 4886 1659 4947 solita
1692 4886 1850 4966 pacis
1873 4886 2098 4966 impre-

456 4966 686 5027 catione
714 4970 1221 5047 perturbationem
1256 4973 1493 5036 illorum
1530 4981 1718 5037 se‘tat.
1771 4974 1838 5035 Et
1886 4974 2099 5036 iterum

454 5055 712 5115 ostendit
742 5056 895 5134 quod
930 5058 1057 5137 ipse
1088 5060 1163 5121 sit
1192 5060 1292 5123 ille
1343 5062 1604 5142 ipsorum
1661 5063 1963 5143 magister,
1997 5063 2100 5142 qui

457 5144 533 5203 ita
563 5144 1061 5223 altoquigaudeat,
1092 5159 1146 5211 ct
1176 5168 1279 5211 eos
1316 5151 1389 5211 ad
1444 5152 1923 5231 przedicatioueln
1958 5152 2098 5211 mit-

456 5243 586 5294 tens
616 5234 856 5295 aniinet.
892 5235 1112 5298 Verum
1144 5240 1282 5319 quia
1329 5242 1663 5303 animarum
1732 5240 2097 5322 perturbatio

456 5324 649 5383 verbis
679 5342 796 5383 non
828 5325 1168 5392 sedahatur.
1207 5338 1491 5391 monstrat
1535 5333 1623 5392 eis
1654 5333 1825 5392 etiam
1859 5330 2098 5391 aliunde

454 5411 665 5472 Filium
701 5411 804 5473 Dei
833 5431 899 5474 se
929 5434 1083 5487 esse,
1119 5416 1299 5476 corda
1354 5428 1797 5491 agnoscentem.
1842 5445 1863 5471 α
1904 5419 2099 5490 Quare

455 5501 636 5579 enim,
673 5524 694 5556 ο
739 5501 947 5582 inquit,
990 5529 1017 5560 α
1052 5506 1439 5582 cogitationes
1476 5509 1805 5571 ascemlunt
1829 5508 1886 5568 in
1920 5506 2100 5567 corda

456 5598 647 5651 vestra
680 5590 710 5649 ‘I
744 5614 769 5644 ι
826 5589 1056 5654 Etenim
1091 5594 1151 5655 in
1172 5594 1446 5658 confesso
1472 5607 1584 5672 est,
1618 5598 1802 5660 solius
1823 5595 1929 5658 Dei
1966 5613 2100 5657 esse

454 5694 817 5756 cognoscere
842 5682 1023 5743 corda
1052 5682 1515 5759 Subjicitautem
1532 5695 1588 5751 et
1603 5686 1763 5748 aliud
1785 5702 2098 5765 argumen-
2146 5696 2147 5699 ‘

2182 4618 2525 4696 γεγραμμένα
2586 4617 2638 4673 έν
2708 4626 2785 4693 τῷ
2844 4620 2992 4693 νόμῳ
3051 4619 3305 4699 Μωσέως,
3352 4621 3440 4675 καὶ
3502 4619 3819 4696 προφήταις,

2183 4709 2269 4761 καὶ
2338 4705 2589 4778 Ψαλμοῖς
2638 4709 2757 4785 περὶ
2814 4707 2966 4782 ἐμοῦ,
3018 4732 3044 4761 ι)
3080 4699 3135 4765 ’0
3168 4708 3338 4764 πάντα
3387 4708 3518 4785 πρὸς
3562 4706 3825 4784 σωτηρίαν

2186 4798 2336 4869 ἡμῶν
2394 4798 2685 4870 οἶκονομιῦν
2748 4798 2958 4875 Κύριος,
3013 4796 3227 4853 ’ἵσταται
3261 4796 3315 4853 ἐν
3359 4796 3507 4870 μέσῳ
3562 4800 3670 4850 τῶν
3724 4818 3825 4870 μα-

2181 4887 2379 4964 θητῶν,
2440 4885 2797 4941 πιστώσασθαι
2843 4886 2939 4951 τὴν
2984 4887 3267 4943 ἀνάστασιν
3296 4884 3483 4943 θέλων,
3533 4885 3632 4942 Καὶ
3675 4889 3824 4960 πρῶ-

2181 4994 2272 5027 τον
2326 4974 2423 5047 μὲν
2478 4970 2561 5027 διὰ
2615 4984 2708 5032 τοῦ
2755 4976 3004 5043 συνήθους
3061 4973 3498 5055 προσφθέγματος
3544 4976 3641 5038 τῆς
3673 4974 3820 5049 εἰρή-

2182 5084 2280 5128 νης
2351 5060 2692 5118 καταστέλλει
2752 5065 2842 5118 τὸν
2910 5062 3123 5143 θόρυϐον
3205 5063 3398 5127 αιότῶν,
3457 5061 3569 5137 ἅμα
3627 5058 3685 5117 δὲ
3741 5063 3823 5117 καὶ

2182 5148 2459 5229 δείκνυσιν,
2493 5152 2566 5211 ὡς
2598 5150 2754 5215 αὐτὸς
2787 5150 2992 5215 ἒκετνός
3036 5151 3178 5208 ἐστιν
3234 5154 3263 5208 ὁ
3286 5149 3598 5213 διδάσκαλος
3630 5149 3820 5230 ώτῶν,

2183 5243 2209 5295 ὁ
2267 5242 2436 5313 τούτῳ
2491 5249 2566 5315 τῷ
2624 5244 2959 5321 προσρήματι
3017 5246 3245 5322 χαίρων,
3303 5242 3392 5297 καὶ
3448 5240 3618 5313 τούτῳ
3660 5244 3822 5297 καθοο

2182 5328 2371 5393 πλῖσας
2429 5332 2515 5385 καὶ
2591 5330 2801 5404 auro-5;,
2850 5334 3080 5398 ὁπηνίκα
3108 5334 3239 5409 πρὸς
3270 5332 3332 5386 τὸ
3363 5332 3609 5409 κήρυγμα
3640 5327 3823 5385 ἔστελ-

2182 5417 2293 5480 λεν,
2370 5418 2518 5475 Ἐπεὶ
2590 5416 2644 5473 δέ
2675 5417 2760 5474 διὰ
2792 5427 2888 5476 κοῦ
2930 5420 3167 5495 ῥήματος
3211 5420 3396 5477 τούτου
3427 5422 3486 5475 οὐ
3525 5417 3828 5485 κατεστάλη

2182 5504 2216 5562 ὅ
2267 5512 2365 5574 τῆς
2424 5508 2609 5587 ψυχῆς
2668 5510 2837 5564 αὐτῶν
2894 5508 3133 5588 Θόρυϐος,
3190 5509 3445 5566 δείκνυσιν
3477 5508 3658 5569 αὖτοῖς
3714 5507 3827 5563 ἑτέ-

2182 5600 2344 5672 ρωθεν
2404 5595 2481 5651 ὅτι
2552 5600 2580 5652 ὁ
2649 5599 2763 5659 Υἱὸς
2796 5601 2889 5654 τοῦ
2930 5607 3062 5656 Θεοῦ
3095 5600 3260 5674 ἐστιν,
3292 5600 3319 5653 ὁ
3350 5596 3442 5659 τὰς
3474 5594 3690 5674 καρδίας
3738 5620 3824 5672 γι-

2182 5685 2423 5747 νώσκων.
2491 5707 2515 5742 α
2576 5687 2725 5742 Διατί
2756 5688 2879 5768 γᾷρ,
2913 5691 3061 5769 φησὶ,
3097 5686 3431 5765 διαλογισμοὶ
3461 5682 3821 5741 ἀναϐαίνουσιν
