4126 6282
286 361 431 429 1191

972 356 1419 428 ENARRATIO
1446 349 1531 426 IN
1574 343 2084 426 EVANGELIUM
2133 353 2370 424 LUCE.
2420 396 2495 406 —
2541 363 2704 427 CAP.
2754 348 2975 429 XXIV.

3522 352 3675 426 11‘2‘2

278 500 339 558 ἓν
409 500 536 564 ταῖς
599 496 833 577 καρδιαις
893 498 1040 573 ὑμῶν
1090 516 1168 573 ;»
1218 494 1428 559 πάντως
1460 493 1514 552 δὲ
1567 498 1630 552 τὸ
1660 516 1939 574 γινωσκειν

2034 498 2141 553 tum
2155 494 2270 574 ,pal
2278 494 2476 575 pation
2486 514 2579 557 em
2598 514 2877 557 manuum
2893 504 2952 557 et
2970 495 3185 577 pedum
3200 494 3476 576 ejus.Vos
3489 496 3672 569 enim,

289 589 510 670 καρδίας
616 590 747 646 Θεοῦ
834 585 1274 665 ὁμολογουμένως
1334 585 1467 645 ἐστί.
1529 585 1798 666 Ἐπιιρέρει
1856 585 1944 642 καὶ

290 679 495 760 ἕτερον,
548 678 645 746 τὴν
705 676 1021 755 ψηλάφησιδ
1078 682 1182 732 τῶν
1242 677 1444 756 χειρῶν
1486 676 1574 731 καὶ
1594 681 1700 731 τῶν
1742 672 1941 735 ποδῶν,

288 757 488 845 ’Υμεϊςί
537 767 638 841 μὲν
692 768 815 845 γὰρ,
873 767 1028 846 φησὶ,
1103 766 1171 839 μὲ
1240 773 1446 839 πνεῦμα
1515 761 1722 821 δοκεῖτε
1780 767 1943 841 εἶναι,

281 857 410 926 ⁴ἢτοι
467 857 771 937 φάντασμα,
835 868 927 911 οϊα
988 853 1162 911 πολλὰ
1218 860 1325 910 τῶν
1370 854 1675 909 τεθνεώτων
1718 851 1949 927 μάλιστα

288 947 408 1026 περὶ
463 947 530 1001 τὰ
592 945 848 1020 μνὴματα
903 943 1186 1022 φαντάζειν
1239 940 1450 998 εἴωθεν
1494 939 1615 998 ἀλλ’
1667 941 1809 1017 ἴστε,
1865 942 1945 997 ὃτι

285 1036 355 1092 τὸ
408 1034 506 1110 μὲν
549 1042 757 1109 πνευμα
823 1030 940 1089 οὔτε
969 1031 1162 1110 σάρκα,
1197 1029 1315 1087 οὔτε
1365 1029 1523 1086 ὀστέα
1567 1028 1707 1109 ἔχει·
1755 1029 1863 1107 ἐγὼ
1891 1028 1946 1085 δὲ

288 1124 377 1182 καὶ
430 1123 597 1203 σάρκα
654 1124 746 1179 καί
802 1121 961 1178 ὀστέα
1020 1119 1161 1200 ἔχω,
1194 1122 1237 1176 εἰ
1279 1120 1368 1176 καὶ
1399 1120 1639 1197 θειότερα
1668 1121 1755 1176 καὶ
1782 1140 1946 1175 πνευ-

293 1212 518 1286 ματικά.
579 1214 651 1270 Τὸ
710 1212 810 1292 γὰρ
881 1219 974 1269 τοῦ
1046 1211 1231 1289 Κυρίου
1286 1213 1445 1284 σῶμα
1481 1216 1688 1283 πνεῦμα
1720 1209 1817 1283 μὲν
1854 1208 1948 1263 οὒκ

288 1302 359 1366 ἧν
421 1302 782 1376 πνευματικὸν
873 1297 951 1379 δὲ,
1052 1298 1317 1377 τουτέστι,
1393 1298 1570 1364 πάσης
1632 1298 1947 1379 παχύτητος

291 1389 472 1465 ἐκτὸς,
531 1391 792 1466 πνεύματι
850 1376 1243 1463 διοικούμενον.
1302 1376 1374 1445 Τὸ
1459 1386 1558 1463 μὲν
1586 1387 1685 1464 γὰρ
1714 1376 1892 1462 σῶμα,
1918 1376 1945 1432 δ

290 1484 377 1535 νῦν
437 1476 663 1557 ἔχομεν,
726 1478 961 1558 ψυχικόν
1019 1475 1154 1551 ἐστι,
1187 1474 1479 1552 τουτέστιν,
1528 1481 1681 1555 ψυχῇ
1712 1475 1945 1533 διοικού-

290 1589 471 1644 μενον,
536 1570 624 1625 καὶ
692 1564 1117 1644 ζωογονούμενον
1173 1574 1301 1631 ταῖς
1373 1578 1623 1646 φυσικαῖς
1654 1567 1741 1622 καὶ
1771 1571 1942 1646 ψυχι-

2025 580 2518 664 inquit.spiritum
2545 585 2763 666 putatis
2792 604 2887 647 me
2914 585 3313 660 esse,406vel
3332 585 3658 667 plantasma
3725 618 3730 625 ι

2027 672 2221 751 qualia
2253 674 2436 735 multa
2464 674 2624 736 circa
2654 682 3022 735 mortuorum
3074 676 3351 756 sepulcra
3392 692 3678 755 apparere

2029 760 2242 823 solent:
2271 762 2374 823 sed
2407 763 2571 825 scitis
2601 763 2759 842 quod
2785 764 3029 842 spiritus
3050 764 3295 844 quidem
3328 781 3522 844 neque
3541 782 3675 824 car-
3770 818 3775 821 _

2031 869 2164 910 nem
2201 869 2395 931 neque
2426 869 2561 912 ossa
2594 850 2774 912 habet
2800 873 2814 911 :
2850 871 2958 930 ego
2982 861 3176 914 autem
3200 871 3443 914 carnem
3467 857 3529 916 et
3547 871 3681 914 ossa

2033 939 2490 1020 habeo,tametsi
2515 939 2804 1001 diviniora
2818 949 2882 1002 et
2898 941 3497 1021 spiritualia.Domini
3520 940 3678 1003 enim

2029 1046 2246 1109 corpus
2278 1029 2522 1109 spiritus
2553 1028 2794 1109 quidem
2842 1048 2959 1089 non
3015 1038 3161 1092 erat.
3198 1030 3301 1091 sed
3352 1030 3677 1110 spirituale,

2029 1117 2142 1177 hoc
2172 1125 2285 1188 est,
2318 1115 2540 1195 absque
2562 1116 2726 1176 omni
2750 1116 3207 1193 crassitudine,a
3228 1117 3436 1196 spiritu
3459 1118 3681 1196 guber'

2028 1205 2495 1269 natum.Etenim
2528 1224 2744 1286 corpus
2767 1206 2922 1287 quod
2943 1226 3101 1269 nunc
3127 1207 3684 1270 habemusanimale

2029 1304 2141 1367 est,
2176 1296 2288 1356 hoc
2319 1302 2434 1375 est,
2467 1294 2539 1357 ab
2573 1295 2770 1356 anima
2802 1295 3056 1375 regitur,
3081 1305 3141 1358 et
3167 1315 3201 1357 a
3231 1295 3602 1357 naturalibus
3625 1304 3684 1357 et

2028 1383 2383 1446 animalibus
2406 1383 2783 1464 qualitatibus
2797 1403 2863 1446 ac
2884 1383 3110 1446 viribus
3131 1386 3484 1448 viviﬁcatur.
3510 1384 3676 1458 Quod

2027 1483 2223 1535 autem
2255 1481 2384 1553 post
2416 1473 2918 1536 resurrectionem
2960 1473 3336 1549 habebimus,
3372 1475 3679 1556 spirituale

2028 1562 2357 1624 nominavit
2377 1562 2593 1625 Paulus
2612 1562 2696 1639 56,
2724 1564 2839 1625 hoc
2860 1571 2970 1645 est,
2995 1565 3149 1643 quod
3184 1582 3220 1625 a
3240 1564 3435 1625 divino
3457 1562 3678 1645 Spiritu

287 1668 414 1720 κατς
472 1657 723 1723 ποιότησι
766 1658 854 1713 καὶ
886 1654 1157 1731 δυνάμεσι.
1204 1657 1275 1713 Τὸ
1305 1652 1357 1711 δὲ
1393 1656 1531 1730 μετὰ
1560 1656 1657 1722 τὴν
1708 1655 1942 1712 ἀνάστα-

2034 1652 2344 1713 viviﬁcetur
2362 1658 2421 1712 et
2439 1650 2895 1730 gubernetur,et
2917 1671 3034 1714 non
3058 1655 3134 1714 ab
3155 1652 3350 1714 anima
3381 1652 3677 1733 modoque

290 1767 374 1802 σιν
441 1748 800 1821 πνευματικὸν
858 1745 1135 1820 ὠνόμασεν
1215 1745 1243 1799 ὁ
1299 1745 1530 1822 Παῦλος,
1588 1743 1751 1822 ἢγουν
1780 1744 1942 1801 πνεύ-

2034 1740 2320 1802 indicibili
2343 1748 2400 1802 et
2432 1740 2720 1820 spirituali
2736 1740 2808 1801 ad
2836 1741 3343 1820 incorruptionem
3367 1741 3674 1803 alteratum

292 1856 420 1908 ματι
479 1836 906 1913 ζωογονούμενον
963 1834 1085 1906 θείῳ
1152 1834 1241 1889 καὶ
1296 1830 1678 1908 διοικούμενον,
1738 1834 1824 1889 καὶ
1884 1837 1942 1892 οὗ

2034 1831 2103 1891 sit
2134 1837 2191 1892 et
2221 1829 2280 1889 in
2313 1848 2383 1891 ea
2405 1838 2839 1892 conservatum.
2872 1828 3015 1891 Tale
3038 1829 3216 1908 igitur
3235 1838 3468 1910 oportet
3494 1830 3674 1892 intel-

290 1927 467 2002 ψυχῇ,
569 1924 751 2003 τρόπῳ
846 1921 1135 2001 ἀπορῤήτῳ
1245 1922 1334 1978 καὶ
1418 1928 1758 1997 πνευματικῷ
1810 1924 1941 2000 πρὸς

2034 1918 2211 1996 ligere
2240 1917 2474 1980 Domini
2507 1936 2725 1999 corpus
2755 1926 2885 1997 post
2930 1918 3455 1994 resurrectionem,
3491 1918 3669 1999 spiri-

286 2010 573 2090 ἀφθαρσίαν
625 2009 1129 2091 μεταστοιχειωθέν,
1208 2011 1297 2067 καὶ
1366 2010 1420 2067 ἐν
1520 2010 1685 2087 ταύτῃ
1755 2032 1941 2079 συντηο

2034 2007 2205 2081 tuale,
2231 2014 2290 2067 et
2318 2005 2558 2079 subtile,
2583 2016 2639 2067 et
2667 2005 2930 2068 alienum
2956 2007 3029 2067 ab
3060 2008 3223 2069 omni
3254 2006 3669 2082 crassitudine,

284 2101 558 2179 ρούμενον.
620 2108 866 2159 Τοιοῦτον
894 2100 984 2157 οὖν
1014 2101 1125 2180 χρὴ
1159 2111 1301 2156 νοεῖν
1345 2100 1408 2155 τὸ
1436 2106 1528 2155 τοῦ
1558 2099 1744 2177 Κυρίου
1784 2104 1940 2176 σῶμα

2034 2115 2217 2177 neque
2270 2094 2386 2156 cibi
2443 2113 2638 2175 neque
2685 2095 2931 2157 alterius
2976 2097 3326 2176 cujusquam
3372 2096 3669 2177 indigens,

287 2190 424 2264 μετὰ
471 2190 571 2256 τὴν
627 2189 936 2264 ἀνάστασιν,
997 2189 1381 2267 πνευματικὸν,
1447 2189 1535 2243 καὶ
1578 2185 1795 2269 λεπτὸν,
1854 2193 1942 2245 καὶ

2034 2184 2290 2265 quamvis
2336 2184 2409 2245 ad
2457 2184 2970 2246 conﬁrmationem
3025 2184 3260 2246 illorum
3315 2186 3667 2246 comederit.

285 2279 465 2344 πάσης
521 2279 836 2358 παχύτητος
870 2278 1056 2355 ἐκτὸς,
1087 2279 1176 2335 καὶ
1207 2275 1322 2334 οὔτε
1364 2283 1596 2357 τροφῶς,
1631 2277 1747 2333 οὔτε
1779 2276 1941 2334 ἄλλου

2034 2272 2190 2345 Quod
2220 2272 2377 2334 enim
2402 2272 2812 2344 comedit,non
2836 2272 3163 2335 secundum
3186 2282 3451 2333 naturam
3475 2291 3671 2336 come-

286 2369 431 2430 τινὸς
483 2366 753 2444 δεόμενον,
840 2369 885 2424 εἰ
967 2369 1054 2425 καὶ
1112 2369 1244 2444 πρὸς
1299 2367 1554 2423 πίστωσιν
1609 2366 1827 2446 ἔφαγεν,
1863 2358 1939 2425 υΟ

2034 2363 2131 2436 dit,
2160 2362 2264 2423 sed
2297 2362 2626 2423 secundum
2658 2362 3182 2442 dispensationem,
3216 2363 3289 2424 ad
3339 2361 3677 2424 docendum

286 2456 387 2535 γὰρ
446 2455 663 2537 ἔφαγεν,
735 2457 794 2512 06
841 2456 978 2516 κατὰ
1032 2456 1185 2536 φύσιν
1243 2455 1465 2535 ἔφαγεν,
1499 2455 1633 2511 ἀλλὰ
1702 2456 1823 2513 κατ’
1867 2459 1942 2514 οἰ-

2034 2452 2179 2532 quod
2207 2451 2350 2512 illud
2379 2450 2574 2531 ipsum
2601 2468 2820 2530 corpus
2836 2449 2989 2530 quod
3016 2468 3251 2530 passum
3277 2459 3678 2525 est,surrexe-

468 2547 479 2567 ι
625 2545 650 2569 σ
781 2545 804 2564 κ
1132 2548 1146 2568 ,
1585 2552 1612 2562 -
1732 2545 1745 2565 ,
1800 2546 1810 2563 ο

289 2566 567 2621 κονομιαν,
635 2568 718 2602 ινα
776 2547 916 2623 οείξῃ
973 2544 1054 2602 ὅτι
1091 2547 1218 2603 αυτὸ
1246 2547 1306 2602 τὸ
1350 2546 1513 2601 παθὸν
1547 2568 1699 2621 σωμα
1721 2569 1940 2614 ανεστη,

2034 2541 2124 2604 rit.
2152 2540 2323 2602 Natu:
2341 2540 2432 2602 ale
2459 2547 2654 2601 autem
2682 2539 2819 2600 huic
2842 2539 3075 2620 corpori
3100 2548 3225 2601 erat
3244 2539 3460 2602 clausis
3475 2541 3681 2620 januis

293 2635 441 2692 Κατὰ
488 2636 638 2715 φύσιν
694 2635 874 2712 μέντοι
943 2642 1102 2692 τοῦτο
1159 2642 1238 2709 τῷ
1297 2633 1505 2696 σώματι
1534 2635 1623 2708 ἧν,
1656 2637 1716 2691 τὸ
1742 2635 1942 2693 κεκλει-

2034 2630 2284 2711 ingredi,
2319 2629 2620 2711 etabsque
2645 2628 2850 2691 labore
2873 2629 3059 2691 eloco
3085 2632 3142 2691 in
3168 2629 3364 2691 locum
3398 2632 3675 2694 transire.

292 2723 502 2797 σμένων
555 2726 664 2780 τῶν
691 2729 858 2803 θυρῶν
890 2724 1139 2801 εἰσιέναι,
1175 2725 1238 2780 τὸ
1269 2723 1488 2785 ἀκόπως
1532 2724 1637 2780 ἀπὸ
1661 2726 1826 2782 τόπου
1877 2729 1942 2791 εἰς

2034 2718 2233 2799 Itaque
2264 2738 2396 2781 cum
2431 2718 2709 2799 discipuli
2742 2718 2938 2780 adhuc
2969 2738 3087 2780 non
3114 2719 3453 2793 crederent,
3484 2740 3680 2801 neque

291 2810 454 2867 τόπον
500 2809 859 2887 μεταϐαίνειν,
938 2812 1338 2869 Ἀπιστούντων
1397 2815 1483 2868 οὗν
1542 2818 1648 2868 τῶν
1696 2816 1942 2887 μαθητῶν

2034 2826 2139 2889 per
2170 2808 2567 2888 palpationem
2620 2807 3142 2889 persuaderentur,
3198 2809 3360 2869 addit
3407 2819 3464 2870 et
3518 2811 3677 2872 aliud

286 2896 388 2976 ἔτι,
460 2902 548 2957 καὶ
606 2898 742 2977 μηδὲ
772 2901 879 2958 ἀπὸ
909 2904 1007 2969 τῆς
1056 2897 1433 2980 ψηλαφήσεως
1503 2900 1942 2984 ἀναπεισθέντων,

2034 2897 2341 2977 indicium,
2375 2896 2924 2984 comedens,divina
2939 2896 3190 2984 quadam
3216 2897 3426 2958 virtute
3455 2917 3678 2960 consu-

287 2991 373 3045 καὶ
429 2988 607 3069 ἕτερον
664 2993 1004 3069 προστίθησι,
1067 2991 1131 3045 τὸ
1204 3011 1302 3056 της
1356 2990 1627 3069 βρωσεως,
1688 2992 1798 3064 θείᾳ
1847 2982 1942 3057 τινῖ

2034 2986 2247 3047 mendo
2280 2986 2434 3066 quod
2459 2983 2692 3046 edebat.
2729 2982 2939 3045 Omnis
2960 2983 3118 3044 enim
3145 2984 3313 3045 cibus
3341 2996 3546 3048 natura
3570 3006 3681 3067 per

289 3077 501 3153 δυνάμει
617 3077 1158 3155 καταναλισκομένων
1263 3085 1369 3134 τῶν
1479 3075 1942 3158 βιϐρωσκομένων.

2034 3093 2097 3135 os
2124 3083 2417 3153 sumptus,
2442 3073 2517 3135 ad
2535 3090 2840 3135 secessum
2862 3072 3042 3134 vadit:
3063 3091 3263 3134 verum
3289 3074 3415 3135 haec
3436 3093 3555 3137 non
3579 3095 3681 3137 na.

292 3172 402 3223 Πᾶν
449 3169 550 3247 γὰρ
603 3170 667 3224 τὸ
735 3174 969 3249 φυσικῶς
1029 3164 1463 3247 βιϐρωσκομένον
1494 3164 1578 3225 διὰ
1617 3175 1707 3225 τοῦ
1736 3170 1942 3245 στόμα-

2034 3161 2429 3237 turaliter,setl
2440 3169 2527 3232 ,ut
2544 3157 3163 3241 diximus,secundum
3177 3158 3679 3249 dispensationem

294 3277 383 3319 τος
442 3258 516 3320 εἰς
574 3248 846 3336 ἀφεδρῶνα
904 3269 1103 3335 χωρεῖ’
1160 3256 1227 3311 τὰ
1311 3254 1366 3311 δὲ
1422 3257 1482 3313 o6
1532 3263 1787 3336 φυσικῶς,
1871 3261 1942 3324 ὡς

2034 3251 2311 3314 comedit.
2365 3250 2557 3312 Habet
2606 3258 2804 3310 autem
2847 3248 3097 3327 aenigma
3136 3248 3461 3331 quoddam,
3517 3252 3678 3331 quod

296 3344 548 3422 εἴπομεν,
607 3343 728 3401 ἀλλ’
784 3347 1136 3422 οἰκονομικῶς
1202 3342 1575 3424 ἐϐιϐρώσκετο.
1638 3345 1851 3426 ’Ἒχειν
1891 3347 1942 3404 δὲ

2034 3348 2255 3422 partem
2290 3340 2470 3419 piscis
2492 3337 2819 3401 comederit
2846 3359 2859 3396 :
2890 3336 3183 3426 signiﬁcat
3197 3337 3355 3398 enim
3385 3339 3542 3419 quod
3565 3357 3679 3401 na-

288 3457 340 3491 1t
400 3438 491 3491 καὶ
545 3433 779 3514 α’ίνιγμα
848 3433 990 3492 ἔοικε
1035 3434 1101 3490 τὰ.
1149 3434 1270 3491 τότε
1313 3434 1601 3514 βρωθέντα’
1633 3425 1817 3515 ἰχθύος
1846 3439 1942 3516 γὰρ

2034 3440 2219 3491 turam
2253 3437 2537 3505 nostram,
2557 3446 2688 3508 quae
2704 3427 2767 3488 in
2789 3425 3158 3506 salsnginoso
3181 3426 3297 3489 hoc
3318 3428 3465 3489 mari
3489 3434 3677 3492 natat.

288 3526 451 3583 ὀπτοῦ
504 3524 665 3604 μέρος
750 3525 956 3605 φαγὼν,
1018 3526 1300 3582 αἰνίττεται
1358 3522 1439 3580 ὅτι
1484 3524 1581 3592 τὴν
1611 3527 1763 3606 φύσιν
1790 3529 1942 3602 ἡμῶν

2034 3520 2150 3597 igni
2182 3538 2305 3581 suae
2322 3518 2555 3582 deitatis
2567 3517 2868 3606 assarit,et
2893 3517 3204 3606 exsiccarit
3224 3536 3461 3580 omnem
3476 3518 3682 3581 humo-

286 3612 382 3679 τὴν
434 3611 488 3668 ἐν
545 3618 623 3686 τῷ
671 3610 895 3691 ἁλμυρῷ
951 3613 1122 3687 τούτῳ
1182 3612 1281 3690 βίῳ
1336 3605 1650 3693 νηχομένην
1716 3621 1793 3690 τῷ
1830 3618 1942 3695 πυρῖ

2034 3628 2158 3671 rem
2194 3628 2371 3689 quem
2400 3624 2474 3670 ex
2508 3605 2817 3689 profundis
2838 3605 3113 3695 ﬂuctibus
3137 3606 3488 3695 habebat,ut
3510 3609 3683 3671 ﬁeret

286 3704 386 3768 τῆς
439 3700 633 3765 οἰκείας
693 3702 946 3768 θεότητος
1016 3700 1262 3776 ἒκτήξας,
1322 3703 1412 3758 καὶ
1469 3708 1643 3758 πᾶσαν
1665 3701 1732 3769 ἥν
1791 3694 1942 3785 εἶχεν

2034 3697 2265 3759 divinus
2294 3696 2550 3773 cibus,et
2583 3696 2685 3776 qui
2708 3696 2870 3777 prius
2900 3704 3032 3785 erat
3058 3694 3682 3785 abominabilis,ﬁeret

288 3789 349 3844 int
414 3787 521 3846 τῶν
551 3788 757 3865 βαθέων
779 3792 884 3845 τῶν
928 3786 1155 3870 δδάτων,
1190 3788 1394 3866 μᾶλλον
1437 3787 1491 3845 δὲ
1535 3796 1641 3846 τῶν
1674 3783 1942 3882 κυμάτων1

2034 3806 2190 3850 nunc
2215 3786 2408 3849 dulcis
2431 3785 2575 3882 Deo:
2600 3785 2895 3882 hocenim
2920 3783 3255 3863 signiﬁcare
3278 3784 3495 3882 dicitur
3508 3786 3681 3882 favus

288 3877 553 3956 ὑγρότητα
608 3876 919 3953 ὲξικμάσας,
980 3880 1122 3935 θείαν
1180 3880 1375 3957 βρῶσιν
1434 3880 1696 3947 πεποίηκε
1725 3873 1942 3954 ταύτην,

2034 3877 2252 3951 mellis,
2285 3874 2667 3938 dulcedinem
2694 3873 2827 3936 dico
2861 3882 3087 3936 natura}
3126 3881 3344 3937 nostrae
3373 3874 3539 3955 prius
3567 3874 3676 3938 ab-

287 3966 387 4032 τὴν
449 3966 635 4045 πρώην
694 3965 986 4043 βδελυκτὴν
1081 3965 1268 4035 ἢδεϊαν
1347 3970 1542 4046 βρῶσιν
1589 3967 1942 4048 ἐργασάμενος

2034 3964 2332 4045 iectae.Vel
2364 3965 2450 4045 (ut
2476 3963 2709 4045 opinor)
2729 3962 3017 4041 signiﬁcat
3038 3980 3145 4043 per
3166 3964 3386 4044 piscem
3420 3975 3677 4027 assatum

288 4060 366 4128 τῷ
422 4060 563 4129 Θεῷ.
597 4062 765 4113 T0610
822 4056 946 4134 γὰρ,
998 4057 1182 4135 φησὶν,
1241 4057 1523 4113 αἰνίττεται
1554 4058 1616 4113 τὸ
1676 4056 1942 4133 μελίσσιον

2034 4054 2274 4116 activam
2306 4054 2509 4133 vitam,
2544 4070 2676 4133 quae
2707 4052 2855 4112 tollit
2880 4059 3139 4114 nostram
3172 4052 3583 4115 humiditatem
3618 4064 3677 4117 et

285 4143 492 4223 κηρίον,
550 4145 649 4212 τὴν
706 4146 797 4200 νῦν
839 4144 1145 4223 γλυκύτητα
1177 4144 1320 4223 λέγω
1344 4150 1445 4211 τῆς
1475 4147 1597 4225 πρὶν
1642 4143 1942 4217 ἀποϐλήτου

2034 4143 2487 4207 crassitudinem
2522 4139 2742 4203 auxilio
2792 4139 3118 4201 carbonum
3160 4140 3592 4224 solitariorum,
3626 4153 3683 4205 et

288 4235 443 4308 ἡμῶν
501 4234 734 4314 φύσεως.
796 4226 888 4290 "EI
953 4235 1040 4290 καὶ
1099 4240 1275 4309 τοῦτο,
1309 4234 1494 4310 οἶμαι,
1530 4236 1836 4311 αἰνίττεται,
1870 4234 1953 4297 διὰ

290 4322 388 4397 μὲν
444 4328 539 4379 106
599 4323 764 4380 ὀπτου
823 4324 1006 4403 ἰχθύος
1066 4323 1166 4391 τὴν
1257 4324 1577 4403 πρακτικὴν,
1635 4325 1954 4404 ὑφαιροῦσαν

288 4412 443 4487 ἡμῶν
516 4412 619 4479 τὴν
689 4410 898 4479 πολλὴν
954 4412 1223 4492 ὑγρότητα
1266 4414 1355 4469 καὶ
1382 4413 1676 4492 παχύτητα
1742 4411 1825 4473 διὰ
1854 4419 1951 4482 τῆς

286 4505 395 4556 τῶν
450 4499 723 4578 ἑρημικῶν
783 4503 873 4558 καὶ
922 4503 1303 4581 ἡσυχαστικῶν
1348 4501 1619 4577 ἀνθράκων
1676 4503 1946 4579 βοηθείας’

290 4589 391 4656 τὴν
460 4587 515 4645 δὲ
568 4595 789 4669 γνῶσιν,
822 4590 943 4658 ἢτοι
990 4591 1237 4671 θεωρίαν,
1272 4588 1356 4647 διὰ
1412 4597 1504 4648 τοῦ
1532 4591 1810 4667 μελισσίου
1839 4614 1950 4661 κη·-

285 4678 417 4756 ρίου,
477 4677 632 4756 εἴπερ
704 4677 902 4757 γλυκέα
954 4680 1023 4736 τὰ
1073 4686 1168 4735 106
1235 4686 1367 4736 Θεοῦ
1422 4678 1602 4758 λόγια.
1664 4679 1839 4739 ’Ἔστι
1897 4679 1952 4738 δὲ

288 4769 497 4843 κηρίον,
558 4765 695 4823 ἀλλὰ
750 4765 1089 4848 κηφηνῶδες,
1143 4770 1204 4824 τὸ
1250 4767 1349 4835 τῆς
1384 4759 1708 4837 Ἐλληνικῆς
1740 4771 1948 4850 σοφίας.

284 4854 395 4914 ἴστι
447 4855 500 4912 δὲ
556 4857 743 4936 κηρίον
802 4856 1098 4937 μελίσσιον,
1132 4858 1322 4925 τὸτῆς
1350 4859 1494 4922 θείας
1554 4860 1763 4939 σοφίας*
1800 4850 1954 4941 εἴπερ

286 4947 509 5024 Χριστὸς
572 4944 609 5012 ἡ
660 4944 909 5026 μέλισσα,
973 4946 1132 5026 μικρὰ
1180 4946 1279 5021 μὲν
1345 4952 1423 5021 τῷ
1479 4947 1691 5026 μεγέθει
1731 4947 1944 5027 (συντε-

286 5033 563 5110 τμημένος
595 5036 695 5113 γὰο
726 5037 753 5092 ὁ
783 5033 969 5115 λόγος,
1002 5036 1092 5091 καὶ
1137 5037 1205 5110 τῇ
1273 5036 1429 5113 ῥώμῃ
1462 5036 1713 5106 ἀσθενής·
1749 5038 1844 5095 οὒκ
1890 5038 1943 5097 ἐν

2036 4232 2294 4313 quietem
2314 4227 2922 4311 amplexantium.Per
2940 4230 3129 4291 favum
3151 4238 3345 4290 autem
3368 4231 3681 4313 apiarium,

2036 4322 2339 4384 scientiam
2374 4319 2461 4380 vel
2496 4318 3089 4398 contemplationem.
3127 4316 3431 4398 Siquidem
3484 4319 3682 4384 dulcia

2036 4409 2273 4491 eloquia
2288 4408 2395 4471 Dei
2412 4408 2499 4469 ὅτ.
2534 4408 2635 4469 Est
2668 4414 2725 4468 et
2753 4406 2909 4468 alius
2938 4405 3100 4467 favus
3136 4406 3448 4484 agrestior,
3466 4426 3684 4490 nempe

2036 4500 2345 4578 gentilium
2377 4496 2688 4579 sapientia.
2722 4494 3038 4576 Siquldem
3060 4495 3328 4558 Chsistus
3358 4514 3539 4577 parva
3555 4499 3685 4580 apis

2035 4599 2127 4653 est
2158 4588 2589 4668 magnitudine.
2623 4583 3043 4647 Abbreviatum
3077 4584 3236 4646 enim
3273 4597 3364 4646 est
3407 4588 3681 4663 verbum,

2038 4687 2096 4740 et
2123 4678 2427 4739 inﬁrmum
2458 4676 2699 4738 robore.
2724 4673 2852 4736 Non
2878 4674 3034 4735 enim
3055 4674 3113 4734 in
3147 4674 3361 4736 virtute
3390 4678 3684 4739 sermonis

2036 4768 2253 4832 Paulus
2285 4766 2590 4848 praedicat,
2624 4773 2784 4826 utne
2817 4781 3059 4826 crucem
3090 4766 3433 4827 evacuet58:
3456 4785 3686 4829 verum.

2036 4869 2237 4922 tamen
2268 4856 2507 4937 regibus
2538 4863 2595 4918 et
2624 4855 2824 4918 idiotis
2866 4861 2956 4916 est
3003 4853 3275 4916 amabilis
3303 4856 3687 4920 aﬂ'erentibus

2027 4948 2265 5011 labores
2296 4964 2434 5009 suos
2466 4947 2527 5007 in
2569 4944 2886 5009 sanitatem
2918 4943 3273 5008 animarum.

293 5127 512 5205 δυνάμει
544 5128 646 5209 γὰρ
676 5128 840 5208 λόγου
871 5127 1079 5194 Παῦλος
1135 5130 1403 5210 κηρύττει,
1451 5128 1545 5186 ’ίνα
1574 5130 1653 5206 μὴ
1684 5131 1894 5208 κενώσῃ
1923 5132 2016 5188 τὸν
2071 5129 2342 5211 σταυρὸν),
2378 5128 2520 5197 πλὴν
2573 5127 2847 5206 βασιλεῦσι
2878 5130 2966 5185 καὶ
3015 5125 3249 5193 ἰδιώταις
3292 5128 3566 5211 ἐράσμιος,
3611 5132 3685 5197 εἰς

292 5218 497 5296 ὑγίειαν
526 5220 769 5300 ψυχικὴν
812 5219 1258 5300 προσφερομένοις
1278 5220 1400 5285 τοὺς
1430 5219 1623 5284 πόνους
1654 5222 1843 5289 αὐτῆς,

373 5334 398 5369 α
434 5320 565 5373 Τότε
603 5311 862 5384 διήνοιξεν
921 5318 1094 5374 αὐτῶν
1142 5317 1231 5372 τὸν
1279 5322 1398 5371 νοῦν
1458 5322 1550 5372 τοῦ
1592 5314 1821 5374 συνιέναι
1845 5317 1941 5382 τὰς

287 5404 519 5483 Γραφὰς,
581 5404 668 5460 καὶ
729 5416 882 5461 εἶπεν
925 5403 1136 5480 αὐτοῖς,
1190 5404 1271 5462 ὅτι
1301 5404 1440 5462 οὕτω
1482 5403 1803 5484 γέγραπται,
1854 5408 1942 5463 καὶ

286 5490 452 5557 οὕτως
484 5491 589 5549 ἔδει
646 5496 838 5550 παθεῖν
895 5494 989 5550 τὸν
1031 5495 1280 5575 Χριστὸν,
1318 5495 1408 5551 καὶ
1449 5498 1518 5571 τῇ
1567 5494 1719 5573 τρίτῃ
1768 5495 1942 5576 ἡμέρᾳ

2108 5319 2286 5378 Vens.
2312 5312 2532 5377 45-53.
2562 5338 2584 5368 α
2620 5311 2788 5375 Tunc
2807 5311 3042 5392 aperuit
3061 5319 3323 5375 mentem
3355 5313 3688 5389 illorum,ut

2023 5405 2428 5485 intelligerent
2456 5401 2828 5483 Scripturas:
2867 5407 2926 5463 et
2950 5400 3099 5463 dixit
3129 5402 3233 5463 eis.
3271 5403 3371 5465 Sic
3396 5403 3683 5485 scriptum

2025 5503 2206 5572 est,et
2235 5492 2322 5556 sic
2352 5489 2665 5573 oportebat
2693 5489 2992 5554 Christum
3024 5488 3164 5570 pati,
3208 5498 3266 5552 et
3292 5508 3621 5572 resurgere
3653 5506 3686 5556 a

373 5650 437 5702 50
462 5650 487 5713 Ι
515 5649 652 5714 Cor.
678 5668 777 5733 xv,
807 5652 907 5715 44.
994 5653 1055 5703 ιτ
1089 5652 1247 5716 Psal.
1282 5668 1444 5731 xvm,
1477 5652 1576 5715 16.
1660 5653 1768 5714 581
1800 5651 1935 5716 Cor.
1961 5656 2131 5730 1,17.
