4140 6280
252 339 405 405 1125
935 334 1380 401 ENARRATIO
1425 336 1505 398 ΙΝ
1557 328 1916 399 EVANGEL

2008 334 2062 395 Μ
2111 330 2348 405 LUC/E.
2382 370 2458 381 -—
2499 334 2666 400 CAP.
2711 335 2961 407 XXIV,
3491 334 3647 409 i126

245 471 458 549 οὖδεμία
530 472 668 530 οὕτω
722 484 839 535 τοῖς
907 469 1318 549 βαπτιζομένοις
1376 468 1583 550 ἃφεσις,
1629 467 1767 526 ἀλλὰ
1817 470 1901 525 καὶ

2000 476 2418 551 naturam,quae
2444 477 2562 533 tota
2582 468 2645 532 in
2676 469 2907 533 Christo
2923 471 3089 533 unita
3111 481 3202 533 est
3230 478 3291 533 et
3308 478 3643 552 assumpta,

252 563 533 641 προσθήκη
593 560 864 640 ἄμαρτιῶν
921 559 1233 637 ἐπιγίνεται.
1291 558 1447 616 Οὗτοι
1500 558 1599 634 μὲν
1668 558 1755 614 οὖν
1800 580 1905 614 κα-

2000 577 2103 619 non
2136 558 2288 620 ultra
2318 559 2377 620 in
2409 559 2555 621 duas
2584 559 2784 621 dirimi
2826 561 3144 639 sectiones,
3199 558 3536 621 Judaaorum
3591 566 3647 621 et

252 656 361 716 κῶς
422 649 720 711 ἀπώλοντο.
784 651 872 713 Εἷς
915 647 1090 728 πάντα
1150 647 1203 703 δὲ
1235 649 1301 703 τὰ
1330 644 1513 728 ἕθνηνὸ
1558 647 1714 727 λόγος
1745 646 1904 714 ἐξῆλ-

2000 646 2323 722 gentilium.
2356 647 2461 710 sed
2492 648 2758 728 incipere
2788 666 3129 711 sermonem
3150 667 3185 710 a
3211 647 3569 726 Jerusalem,
3592 658 3649 712 et

256 744 367 820 θεν,
453 738 742 818 ἀρξάμενος
810 737 915 795 ἆπό
998 727 1363 816 Ἰερουσαλὴμ.
1427 727 1583 793 ’Ἐδει
1667 737 1766 814 γὰρ
1810 737 1909 802 τὴν

2000 737 2049 796 in
2079 738 2362 815 gentibus
2392 727 2802 817 requiescere,
2834 738 3018 801 unitis
3048 735 3515 814 generibus.Vos
3535 758 3645 799 au-

261 830 413 910 φύσιν
471 834 644 886 πᾶσαν
717 826 772 883 ἐν
829 828 1037 908 Χριστῷ
1077 825 1368 882 ἐνωθεῖσαν
1425 826 1512 882 καὶ
1541 824 1911 905 προσληφθεῖ-

2000 825 2111 886 lem
2149 825 2292 888 estis
2319 834 2494 887 testes
2524 828 2761 899 horum,
2797 826 3087 906 passionis
3105 825 3335 889 scilicet
3364 845 3647 892 mresur-

517 918 530 937 \
674 919 687 939 ῒ
782 915 830 937 ’δ’
1079 916 1092 933 \
1239 913 1263 933 κ
1404 919 1428 935 ν

257 940 378 997 σαν,
468 940 546 993 μη
647 938 720 981 εις
776 937 865 973 ouo
950 914 1136 972 λοιπον
1236 918 1547 993 οιαιρεισθαι
1635 915 1915 997 τμήματα,

259 993 532 1085 Ἐϐραίους
590 1010 680 1062 καὶ
742 1005 1028 1079 ἐνθνικοὺς,
1066 1001 1183 1059 αλλ’
1242 1002 1487 1082 ἄρξασθαι
1557 1002 1662 1059 ἀπὸ
1724 993 1917 1080 ’ἱερου-

262 1094 447 1169 σαλὴμ
504 1094 597 1151 τὸν
668 1093 828 1172 λόγον
880 1093 966 1150 καὶ
1016 1092 1071 1148 ἐν
1100 1104 1219 1155 τοῖς
1250 1091 1446 1149 ἔθνεσιν
1492 1091 1915 1171 ἀναπαύσασθαι,

258 1186 599 1241 ἑνοποιοῦντα
670 1186 770 1250 τὴν
850 1180 1020 1263 φύσιν.
1089 1200 1118 1239 ε
1171 1172 1359 1257 Ὑμεῖς
1415 1180 1494 1260 δὲ,
1551 1181 1734 1260 φησὶν,
1796 1176 1912 1235 ἐστέ

256 1272 518 1353 μάρτυρες
574 1272 774 1329 τούτων
802 1274 909 1327 τῶν
972 1272 1178 1343 παθῶν,
1236 1276 1337 1337 τῆς
1382 1270 1743 1332 ἀναστάσεως.
1779 1273 1914 1327 Εἶτα

258 1360 352 1417 ἵνα
412 1362 490 1437 μὴ
547 1365 858 1441 ταραχθὼσι
927 1357 1053 1438 παρ’
1123 1361 1363 1432 ἑαυτοῖς,
1423 1361 1511 1416 καὶ
1569 1357 1908 1435 λογίσωνται³

258 1449 376 1515 Πῶς
455 1451 861 1529 μαρτυρήσομεν
947 1446 1207 1529 ἄρθρωποι
1317 1446 1519 1505 ἰδιῶται
1572 1449 1702 1527 πρὸς
1789 1446 1911 1512 ἔθνη

256 1528 733 1618 ὑποστελλόμενοι,
795 1540 927 1617 πρὸς
956 1539 1077 1601 τοὺς
1112 1528 1528 1613 Ἱεροσολυμίταις
1586 1538 1912 1614 ἀντιπαρεκ-

260 1626 505 1690 δυόμενοι
594 1628 715 1692 τοὺς
802 1630 890 1683 καὶ
977 1627 1035 1682 σὲ
1118 1626 1554 1704 ἀποκτείναντας,
1632 1633 1911 1704 Θαρσεῖτε,

1997 913 2306 977 rectionis.
2336 916 2548 977 Postea
2584 934 2659 974 ne
2686 916 3071 977 turbarentur
3089 917 3245 977 intra
3276 934 3361 989 se,
3397 926 3459 979 et
3486 918 3648 997 cogi-

2001 1011 2216 1073 tarent,
2242 1002 2552 1075 Quomodo
2585 1002 3055 1078 testiﬁcabimur,
3077 1005 3177 1085 qui
3208 1005 3421 1086 privati
3450 1006 3645 1068 homi-

2007 1110 2110 1153 nes
2135 1109 2205 1153 ac
2231 1090 2429 1152 idiotae
2455 1109 2663 1153 sumus
2691 1100 3014 1172 contraque
3034 1101 3243 1171 gentes
3271 1093 3653 1167 mittimur,et

1999 1185 2208 1243 contra
2235 1178 2761 1259 .leresolymitanos
2781 1197 3087 1241 armamur
3116 1180 3216 1261 qui
3239 1189 3297 1242 et
3327 1188 3385 1242 te
3406 1181 3651 1245 occide-

1996 1267 2165 1332 runt?
2194 1267 2346 1329 dixit
2375 1270 2485 1346 eis,
2518 1292 2545 1323 α
2570 1266 2867 1331 Conﬁdite
2901 1290 2914 1325 :
2956 1293 2983 1325 ι
3019 1269 3194 1348 hujus
3214 1268 3301 1331 rei
3318 1271 3502 1348 gratia
3521 1272 3653 1333 mit-

1997 1373 2111 1424 tam
2140 1356 2489 1438 propediem
2523 1358 2974 1437 promissionem
3010 1356 3221 1438 Patris,
3265 1357 3340 1420 de
3370 1376 3485 1440 qua
3514 1362 3646 1423 dic-

1995 1452 2117 1509 tum
2155 1465 2260 1525 per
2286 1444 2541 1523 Joelem,
2582 1445 2928 1508 «Eti‘undam
2954 1447 3029 1507 de
3059 1447 3282 1529 Spiritu
3316 1467 3449 1511 meo
3468 1468 3650 1531 super

1994 1554 2230 1597 omnem
2262 1554 2507 1598 carnem
2529 1534 2625 1595 6οι
2653 1545 2771 1597 etc.
2805 1537 3023 1597 Sedete
3044 1534 3243 1615 igitur,
3272 1538 3373 1618 qui
3404 1557 3561 1600 nunc
3580 1541 3647 1599 ti-

1999 1624 2142 1687 midi
2171 1632 2230 1686 et
2255 1643 2461 1704 parum
2479 1624 2908 1701 viriles,donec
2930 1625 3260 1687 induamini
3287 1628 3641 1700 virtute,non

258 1720 412 1796 φησὶ,
467 1718 654 1774 τούτου
711 1716 892 1778 ἓνεκα,
966 1713 1279 1771 Ἀποστελῶ
1308 1715 1408 1793 γὰρ
1437 1713 1559 1770 ὅσον
1618 1712 1767 1769 οὔπω
1819 1713 1916 1780 τὴν

2001 1716 2280 1788 humana,
2312 1713 2416 1775 sed
2446 1713 2695 1776 ccelesti.
2723 1711 2853 1774 Non
2875 1713 3023 1774 dixit
3060 1722 3279 1787 autem,
3312 1716 3640 1798 accipiatis,

259 1805 583 1885 ἐπαγγελίαν
640 1805 736 1862 τοῦ
794 1804 996 1884 Πατρός
1028 1826 1149 1880 μου,
1214 1802 1282 1871 ἦν
1336 1804 1494 1860 εἶπον
1525 1801 1591 1859 δι’
1627 1800 1809 1883 Ἰωὴλ,
1837 1801 1917 1857 ὅτι

265 1912 300 1955 ι
343 1895 559 1976 Ἐκχεῶ
588 1893 694 1950 ἀπὸ
722 1901 816 1950 τοῦ
849 1893 1151 1968 Πνεύματός
1197 1914 1297 1967 μου
1326 1892 1410 1948 ἐπὶ
1441 1899 1614 1947 πᾶσαν
1666 1891 1853 1969 σέρκα,
1884 1913 1911 1946 ι

261 1984 347 2042 ταὶ
375 1985 441 2040 τα
494 1982 639 2051 ἑξῆς.
702 1983 959 2040 Καθίσατε
1001 1982 1114 2061 οὖν,
1173 1985 1221 2037 οἱ
1248 1990 1338 2040 νῦν
1367 1979 1527 2037 δειλοὶ
1606 1982 1693 2037 καὶ
1749 1979 1914 2037 ἄναν-

262 2069 396 2150 δροι,
457 2074 558 2137 ἓως
608 2072 669 2127 οὗ
748 2068 1027 2139 ἐνδύσησθε
1106 2068 1325 2144 δύναμιν
1397 2073 1487 2127 οὖν
1558 2068 1909 2147 ἀνθρωπίνην,

265 2158 383 2217 ἀλλ’
436 2160 693 2240 οὐράνιον.
754 2163 861 2218 Οὐκ
931 2159 1057 2215 εἶπε
1087 2156 1165 2233 δὲ,
1204 2156 1452 2232 Δὲξησθε,
1501 2154 1619 2212 ἀλλ’
1664 2176 1695 2213 ε
1728 2153 1912 2213 Ἐνδύ-

262 2253 448 2324 σησθε,
521 2270 546 2307 l
608 2250 671 2306 τὸ
726 2252 982 2308 πάντοθεν
1051 2247 1398 2325 φρουρητικὸιρ
1422 2246 1520 2314 τῆς
1552 2245 1913 2321 πνευματικῆς

265 2336 526 2402 ὁπλίσεως
582 2336 905 2418 ὑποφαίνων.
971 2360 1000 2392 ε
1056 2325 1311 2413 Ἐξήγαγε
1369 2332 1421 2391 δὲ
1469 2335 1655 2399 αὐτοὺς
1708 2334 1807 2396 ἓως
1840 2334 1913 2398 εἷς

266 2427 545 2495 Βηθανίαν.
614 2448 637 2483 ε
708 2425 871 2484 Τοῦτο
941 2426 1203 2499 νοήσομεν
1273 2425 1328 2481 ἐν
1384 2425 1516 2500 αὐτῇ
1544 2429 1613 2500 τῇ
1649 2444 1912 2498 τεσσαρα-

265 2521 434 2592 κοστῇ
488 2514 661 2594 ἡμέρᾳ
717 2515 1015 2593 γεγονέναι,
1076 2513 1145 2571 "A
1204 2514 1303 2592 γὰρ
1374 2520 1515 2571 οῦτοι
1570 2513 1623 2569 ἒν
1680 2510 1912 2587 ἐπιτομῇ

264 2604 503 2683 λέγουσι,
568 2613 732 2662 ταῦτα
791 2604 896 2661 νόει
968 2626 1059 2679 μοι
1090 2604 1151 2659 σὺ
1207 2602 1261 2659 ἰν
1290 2601 1521 2665 πολλαῖς
1577 2601 1803 2681 ἡμέραις
1833 2602 1911 2679 γί-

267 2695 464 2750 νεσθαι·
527 2695 601 2756 ὡς
651 2691 808 2756 αὐτὸς
839 2694 989 2757 οὗτος
1022 2695 1050 2748 ὁ
1091 2697 1294 2755 Λουκᾶς
1336 2714 1498 2772 φησιν
1528 2690 1582 2747 ἐν
1612 2704 1734 2754 ταῖς
1783 2691 1920 2770 Πρέ-

271 2779 432 2857 ξεσιν,
486 2780 568 2838 ὅτι
624 2802 645 2837 ε
715 2782 798 2837 Δι’
858 2784 1072 2860 ἡμερῶν
1129 2781 1517 2858 τεσσαράκοντα
1559 2779 1916 2856 ὀπτανόμενος

272 2871 478 2935 αὒτοῒς.
558 2892 584 2928 ι
673 2870 941 2950 Σνχνάκις
1010 2871 1109 2948 γὰρ
1178 2869 1447 2949 ἐφίστατο,
1505 2872 1593 2926 καὶ
1640 2870 1918 2949 ἀφίστατο.

278 2959 546 3039 Εὖλόγησε
598 2957 653 3015 δί
708 2961 830 3024 τοὺς
885 2960 1151 3038 μαθητὰς,
1224 2959 1368 3038 τάχα
1429 2959 1525 3035 μὲν
1572 2960 1661 3015 καὶ
1706 2956 1921 3033 δύναμιν

2000 1799 2508 1885 sed,-induamini
2534 1822 2547 1866 :
2575 1803 2934 1866 ndeclarans
2954 1805 3195 1865 omnino
3217 1805 3483 1867 custodia
3512 1807 3642 1888 spi-

1999 1893 2227 1957 rilualis
2261 1900 2575 1955 armatura;
2604 1892 2980 1954 muniendas.
3023 1915 3045 1950 ε
3084 1892 3284 1955 Eluxit
3315 1903 3516 1956 autem
3541 1914 3643 1958 eos

1998 2001 2187 2063 usque
2208 1982 2266 2043 in
2299 1979 2843 2045 Bethaniam.nHoc
2872 1979 3275 2059 intelligamus
3299 1981 3360 2043 in
3391 1982 3489 2045 die
3504 2002 3643 2064 qua-

1996 2070 2336 2152 dragesimo
2366 2070 2582 2135 factum
2616 2087 2771 2131 esse.
2802 2067 2943 2141 Quae
2963 2068 3122 2131 enim
3154 2069 3240 2131 illi
3272 2069 3530 2133 breviter
3559 2073 3645 2135 di-

1997 2169 2228 2235 cunt,tu
2252 2160 2313 2221 in
2345 2159 2544 2221 multis
2571 2158 2785 2220 diebus
2814 2158 2963 2219 facta
2993 2176 3126 2220 esse
3152 2159 3454 2240 intellige:
3487 2161 3642 2224 sicut

1999 2260 2057 2312 et
2084 2251 2211 2331 ipse
2230 2249 2419 2312 Lucas
2454 2248 2516 2311 in
2562 2249 2725 2311 Actis
2746 2247 2891 2309 dicit
2918 2247 3072 2328 quod
3106 2266 3210 2329 per
3236 2249 3628 2330 quadraginta

1995 2339 2126 2401 dies
2153 2339 2315 2401 visus
2336 2339 2412 2400 sit
2443 2338 2529 2400 eis
2548 2337 2633 2401 6|.
2668 2336 2838 2418 Saepe
2866 2340 3023 2399 enim
3046 2337 3120 2399 ad
3151 2356 3254 2400 eos
3274 2341 3545 2416 accessit,
3579 2349 3637 2404 et

1995 2426 2070 2489 ab
2093 2428 2181 2489 eis
2212 2427 2423 2491 iterum
2447 2425 3279 2491 abscessit.Benedicitautem
3301 2426 3651 2509 discipulos.

1995 2517 2262 2583 fortassis
2294 2517 2613 2579 infundens
2640 2515 2726 2578 eis
2755 2516 2873 2578 vim
2900 2534 3028 2596 qua;
3077 2516 3402 2578 custodiret
3455 2536 3651 2600 usque

1994 2602 2053 2667 in
2086 2606 2403 2667 adventum
2432 2605 2687 2684 Spiritus
2716 2622 2729 2667 :
2764 2604 3030 2666 fortassis
3059 2605 3240 2666 etiam
3289 2624 3395 2667 nos
3425 2605 3654 2670 docens

1998 2713 2131 2758 cum
2155 2713 2405 2774 peregre
2422 2694 2950 2774 proﬁciscimur,ut
2967 2694 3456 2759 commendemus
3481 2696 3655 2759 nobis

1999 2784 2268 2847 subditos
2283 2782 2825 2845 benedictionibus.
2846 2781 3173 2844 Ferebatur
3199 2792 3395 2860 autem
3414 2802 3650 2847 sursum

2002 2873 2062 2934 in
2093 2872 2337 2934 ccelum'.
2368 2870 2527 2934 Elias
2561 2871 2719 2931 enim
2753 2872 2919 2950 quasi
2957 2871 3020 2931 in
3063 2871 3278 2932 saclum
3317 2872 3656 2949 (videbatur

2005 2961 2163 3023 enim
2195 2960 2364 3041 quasi
2404 2959 2467 3021 in
2487 2960 2701 3021 coelum
2731 2960 2929 3040 ferri),
2965 2966 3023 3021 at
3052 2958 3318 3021 Salvator
3343 2959 3403 3020 in
3436 2960 3651 3023 celum

278 3050 500 3128 φρουρὸν
568 3046 751 3111 αὐτοῖς
829 3047 1042 3111 ἔντιθεὶς
1115 3046 1244 3126 ἂχρι
1302 3046 1400 3115 τῆς
1455 3050 1547 3104 τοῦ
1622 3048 1916 3122 Πνεύματος

2006 3047 2571 3131 ipsum,Prsecursor
2598 3046 3258 3127 omnium,ascendit,ut
3284 3067 3418 3110 cum
3446 3058 3652 3113 sancta

274 3137 585 3214 παρουσίας,
657 3137 804 3216 τάχα
859 3134 913 3192 δὲ
989 3138 1076 3193 καὶ
1150 3140 1293 3210 ἡμᾶς
1376 3132 1658 3214 διδάσκῶν,
1718 3134 1916 3191 ἐπειδὰν

2009 3157 2189 3202 carne
2210 3156 2315 3199 sua
2336 3145 2706 3217 compareret
2734 3141 2875 3200 ante
2897 3145 3280 3217 conSpectum
3303 3135 3497 3209 Dei,et
3520 3155 3653 3202 eam

271 3223 659 3305 ἀωδημῶμεν,
719 3238 841 3286 ταῖς
900 3226 1163 3302 εὐλογίαις
1218 3225 1341 3290 τοὺς
1410 3221 1498 3303 ὑφ’
1546 3225 1688 3299 ἡμᾶς
1746 3244 1922 3302 παρα-

273 3319 658 3381 κατατίθεσθαι.
712 3340 737 3373 ιι
801 3316 1111 3397 Ἀνεφέρετο
1186 3314 1240 3372 δὲ
1298 3318 1371 3380 εἷς
1459 3317 1550 3372 τὸν
1602 3314 1839 3395 οὒρανόν.
1888 3339 1918 3372 ι

277 3395 459 3469 Ἠλίας
524 3405 620 3482 μὲν
690 3405 813 3485 γὰρ,
878 3395 971 3469 Ὠς
996 3395 1086 3470 εἷς
1116 3405 1354 3486 οὐρανόν
1416 3407 1607 3462 ὡσανεὶ
1651 3405 1751 3484 γὰρ
1803 3402 1921 3461 ἐδό-

270 3516 353 3554 κει
412 3498 485 3560 ε’ίς
541 3495 759 3573 οὖραιὶον
834 3494 1200 3575 ἀναφέρεσθαιο
1263 3495 1292 3551 ὁ
1348 3492 1402 3550 δὲ
1454 3494 1644 3571 Σωτὴρ
1702 3494 1776 3558 εἷς
1834 3495 1925 3551 τὸν

271 3584 490 3666 οὗρανὸν
558 3583 716 3642 αὐτόν
795 3582 1093 3665 πρόδρομος
1152 3584 1367 3641 πάντων
1426 3582 1733 3663 ἀνελήλυθε,
1791 3584 1925 3659 μετὰ

276 3672 373 3742 τῆς
460 3674 612 3753 ἁγίας
671 3674 863 3753 σαρκὸς
937 3675 1096 3730 αὐτοϋ
1126 3672 1510 3752 ἐμφανισθῆναι
1554 3678 1631 3747 τῷ
1660 3673 1929 3751 προσώπῳ

272 3768 365 3820 τοῦ
421 3769 578 3843 Θεοῦ,
637 3763 725 3819 καὶ
796 3758 1038 3842 σύνεδρον
1107 3762 1271 3830 αὑτὴν
1300 3758 1578 3827 ἀποδεῖξαι
1630 3766 1713 3835 τῷ
1740 3761 1927 3840 Πατρί.

2005 3234 2293 3290 statueret
2308 3245 2443 3290 cum
2470 3230 2639 3287 Patre
2659 3222 3171 3287 considentem.Et
3196 3244 3353 3287 nunc
3374 3226 3656 3291 adorator

2007 3327 2215 3379 natura
2245 3324 2447 3377 nostra
2475 3316 2535 3378 in
2566 3314 2794 3377 Christo
2825 3313 2898 3376 ab
2929 3313 3092 3376 omni
3120 3314 3386 3393 angelica
3411 3314 3649 3380 virtute.

2007 3406 2099 3470 llli
2129 3414 2327 3469 autem
2358 3408 2580 3468 reversi
2603 3412 2742 3466 sunt
2762 3422 2893 3465 cum
2918 3403 3133 3481 gaudio
3165 3414 3464 3484 magno,et
3485 3414 3657 3468 erant

2008 3513 2246 3574 semper
2289 3495 2348 3555 in
2382 3492 2815 3574 templo.Vides
2842 3492 3150 3557 virtutem?
3180 3490 3451 3557 Nondum
3471 3492 3657 3576 Spiri-

2010 3594 2123 3659 tus,
2153 3594 2211 3645 et
2234 3582 2621 3664 spiritualiter
2648 3581 2869 3646 vivunt.
2904 3580 3015 3654 Qui
3056 3582 3216 3643 enim
3253 3581 3416 3663 prius
3444 3583 3659 3647 inclusi

2011 3681 2200 3746 erant,
2233 3692 2391 3734 nunc
2420 3672 2578 3734 inter
2606 3672 2835 3733 medios
2862 3669 3177 3751 pontiﬁces
3208 3671 3494 3747 vivunt,et
3511 3671 3656 3735 nihil

2014 3767 2073 3824 in
2096 3761 2184 3823 eis
2204 3762 2558 3841 temporale,
2581 3760 2684 3822 sed
2711 3759 3065 3841 contemptis
3093 3758 3371 3822 omnibus
3410 3760 3471 3822 in
3501 3769 3657 3823 tem-

273 3853 375 3910 Καὶ
445 3859 533 3909 νῦν
584 3863 959 3931 προσκυνεῖται
1013 3852 1048 3919 ἡ
1099 3852 1251 3929 φύσις
1304 3853 1459 3927 ἡμῶν
1484 3853 1541 3908 ἒν
1576 3856 1785 3929 Χριστῷ
1829 3852 1916 3907 {mi

2016 3852 2112 3932 plo
2146 3868 2383 3931 semper
2400 3850 2586 3913 Deum
2611 3850 2850 3912 laudant
2878 3859 2940 3912 et
2978 3848 3368 3914 benedicunt.
3398 3849 3662 3922 Quorum

271 3942 454 4009 πόσης
524 3939 815 4019 ἆγγελικῆς
869 3937 1161 4017 δυνάμεως.
1204 3965 1227 3993 ιι
1264 3942 1421 3997 Αὐτοὶ
1463 3938 1517 3995 δὲ
1588 3938 1916 4017 ὑπέστρεψαν

2016 3940 2343 4001 imitatores
2363 3940 2543 4001 etiam
2561 3957 2670 3999 nos
2687 3936 2917 4018 facti,in
2946 3938 3060 3997 vita
3083 3944 3288 3999 sancta
3312 3956 3553 4017 semper
3572 3938 3658 4000 si—

272 4030 408 4104 μετᾶ
460 4035 634 4110 χαρᾶς
691 4027 956 4106 μεγάλης,
1038 4031 1127 4085 καὶ
1182 4028 1313 4097 ἦσον
1363 4025 1448 4084 διὰ
1488 4029 1685 4093 παντὸς
1739 4027 1793 4083 ἓν
1838 4032 1916 4101 τῷ

2000 4029 2461 4106 mus,laudantes
2474 4028 2740 4110 perhanc
2757 4026 2933 4088 vitam
2944 4025 3631 4090 etbenedicentesDeum
3648 4078 3661 4090 .

267 4118 418 4198 ἱερῷ.
468 4109 501 4175 '.'
559 4109 713 4197 Ὀρᾷς
742 4116 933 4196 ἄρετήν
965 4133 983 4191 ς
1016 4115 1175 4175 Οὔπω
1213 4119 1276 4174 τὸ
1321 4123 1555 4193 Πνεῦμα,
1616 4118 1703 4173 καὶ
1753 4136 1916 4174 πνευ-

2003 4117 2205 4181 Gloria
2225 4116 2383 4179 enim
2416 4109 2521 4180 Dei
2550 4125 2609 4179 et
2639 4115 2985 4179 benedictio
3016 4124 3107 4176 est
3138 4125 3343 4178 sancta
3369 4124 3427 4178 et
3446 4116 3665 4177 virtuo-

268 4213 512 4283 ματικῶς
596 4204 858 4285 διάγουσι.
954 4208 1014 4264 Οἱ
1071 4207 1172 4285 γὰρ
1226 4203 1591 4281 κεκλεισμένοι
1643 4207 1916 4284 πρότερον³

2006 4224 2073 4270 sa
2097 4206 2244 4268 vita:
2276 4207 2556 4287 quoniam
2579 4223 2715 4268 eum
2747 4205 2918 4266 decet
2936 4205 3130 4265 omnis
3161 4204 3355 4284 gloria
3384 4204 3445 4266 in
3467 4221 3657 4267 secu-

271 4302 366 4353 νῦν
423 4296 478 4353 ἰν
541 4295 725 4372 μέσοις
756 4308 874 4361 τοῖς
925 4294 1228 4375 ἀρχιερεῦσι
1286 4292 1541 4375 διάγουσι,
1575 4294 1663 4351 καὶ
1693 4291 1839 4353 οῦδὲν
1870 4293 1916 4351 ἰν

2016 4296 2074 4357 la
2101 4296 2477 4358 saeculorum.
2505 4296 2720 4358 Amen.

277 4390 471 4456 αῦτοτς
513 4390 768 4468 βιωτικόν
800 4405 816 4420 ⁸
851 4388 989 4447 ἀλλὰ
1014 4390 1225 4447 πάντων
1255 4391 1770 4470 περιφρονήσαντες,
1831 4388 1887 4445 ἂν
1916 4397 1994 4466 τῷ
2034 4395 2158 4470 ἱερῷ
2215 4391 2412 4446 αἰνοῦσι
2442 4387 2725 4453 διαπαντὸς
2759 4389 2852 4443 τὸν
2897 4387 3052 4463 Θεὸν,
3084 4388 3171 4444 καὶ
3202 4386 3532 4466 εὐλογοῦσιν.
3572 4373 3670 4441 Ὠν

272 4479 520 4555 μιμηταὶ
562 4479 652 4535 καὶ
678 4488 841 4555 υςμετς
886 4478 1186 4556 γενόμενοι,
1225 4476 1280 4534 ἰν
1310 4478 1433 4557 ἱερῷ
1481 4478 1582 4554 βίῳ
1634 4476 1919 4543 διαπαντὸς
1962 4478 2183 4555 εἴημεν,
2242 4480 2505 4543 αἱνοῦντες
2555 4474 2639 4533 διὰ
2686 4477 2876 4534 τούτου
2921 4474 3018 4533 τοῦ
3044 4475 3158 4555 βίου
3204 4477 3293 4533 καὶ
3336 4472 3670 4554 εὐλογοῦντες

269 4567 371 4625 τὸν
415 4567 571 4630 Θεόν.
623 4566 760 4633 Δόξα
788 4568 889 4647 γὰρ
920 4572 1051 4624 Θεοῦ
1078 4567 1168 4624 καὶ
1197 4565 1410 4646 εὐλογία
1461 4567 1491 4624 ό
1519 4568 1658 4648 ίερὶος
1686 4564 1784 4623 καὶ
1828 4566 2070 4646 ἐνάρετος
2124 4568 2237 4646 βίος
2270 4583 2286 4601 ⁸
2320 4565 2402 4624 ὅτι
2433 4570 2575 4641 αὒτῷ
2625 4565 2813 4645 πρέπει
2860 4563 3003 4622 πάσα
3034 4562 3155 4629 δόξα
3186 4566 3256 4629 είς
3284 4565 3406 4628 τοὺς
3449 4565 3665 4627 αἰῶνας.

274 4652 486 4732 Ἀμὴν.

276 4833 445 4900 Τέλος
516 4840 615 4903 τῆς
675 4836 748 4900 εἷς
827 4835 890 4890 τὸ
946 4832 1082 4890 κατὰ
1130 4838 1335 4892 Δουκᾶν
1412 4834 1730 4914 Εῦαγγέλιον
1802 4824 1916 4905 Ἐρ-

2017 4836 2454 4918 ιὴεοριιῃιαετὶ
2497 4838 2570 4899 in
2618 4830 3031 4918 Evangelia":
3076 4832 3257 4894 Lucae
3283 4828 3481 4893 Comm
3498 4836 3674 4894 enta-

789 4922 1009 5000 μηνείας
1040 4920 1430 5003 Θεοφυλάκτου,
1535 4912 1543 4914 ἡ
2017 4912 2039 4914 ἡ
2170 4912 2189 4918 ⁷
2257 4912 2278 4917 ⁷
2696 4915 2788 4976 Ni
2832 4912 2995 4992 ﬁnis.

362 5104 430 5156 00
455 5101 606 5171 Joel.
640 5119 707 5185 ιι,
735 5102 835 5169 23.
921 5098 977 5150 σί
1002 5094 1138 5163 Act.
1166 5116 1211 5183 ι,
1248 5099 1307 5169 3.
