4140 6280
307 362 460 428 1133

929 361 1373 426 ENARRATIO
1415 361 1498 426 IN
1543 359 2063 426 EVANGELIUM-
2093 358 2437 422 JOANNIS.
2471 388 2545 403 -
2594 354 3016 419 PRE‘FATIO.

3518 348 3673 447 i134

396 623 1325 755 EPMHNEIA
1438 624 1716 750 ΕΙΣ
1840 624 1939 750 Τ

2025 626 2067 750 )
2176 622 2655 752 ΚΑΤΑ
2759 619 3573 749 ΙΩΑΝΝΗΝ

1577 876 2277 963 ΕΥΑΓΓΕΛΙΟΝ
2296 944 2313 960 .

625 1265 1435 1378 ENARRATIO
1525 1266 1668 1376 IN
1737 1262 2648 1378 EVANGELIUM
2750 1266 3349 1377 JOANNIS

929 1667 1316 1721 ΠΡΟΟΙΜΙΟΝ.

381 1745 442 1809 ’Β
527 1764 619 1812 τοῦ
692 1757 842 1833 ἁγίου
918 1755 1220 1829 Πνεύματος
1280 1750 1493 1826 δύναμις
1581 1750 1634 1805 ἐν
1705 1750 1942 1823 ἀσθενείᾳ

300 1844 618 1923 τελειοῦται,
722 1847 853 1902 καθᾶ
926 1843 1243 1924 γέγραπται,
1320 1843 1411 1895 καὶ
1484 1841 1819 1915 πιστεύομεν·
1884 1843 1939 1897 ὶν

300 1934 536 2007 ἀσθενείᾳ
602 1934 654 1991 δὲ
713 1935 772 1990 οὗ
829 1938 1072 2010 σώματος
1127 1930 1309 2006 μόνον⁹
1342 1928 1477 1984 ἀλλὰ
1519 1927 1585 1995 δὴ
1638 1931 1724 1985 καὶ
1754 1928 1938 2007 λόγου,

298 2027 385 2081 καὶ
443 2025 624 2103 σοφίας
680 2024 733 2080 ἐν
786 2023 1001 2102 γλώττῃ
1031 2018 1305 2095 κειμένης.
1345 2017 1447 2075 Καὶ
1496 2027 1652 2076 τοῦτο
1694 2016 1851 2086 δῆλον
1883 2018 1943 2074 ἑκ

297 2113 508 2170 πολλῶν
580 2114 677 2188 μὲν
742 2114 829 2168 καὶ
887 2110 1087 2183 ἄλλων,
1120 2106 1349 2183 μάλιστά
1379 2104 1433 2162 δὲ
1462 2107 1522 2163 ἐκ
1550 2115 1641 2164 τοῦ
1692 2109 1808 2187 περὶ
1849 2109 1940 2163 τὸν

298 2203 463 2282 μέγαν
521 2202 782 2280 Θεολόγον
834 2203 919 2258 καὶ
975 2197 1198 2277 ἀδελφὸν
1266 2195 1359 2251 τοῦ
1416 2202 1643 2274 Χριστοῦ
1672 2199 1728 2252 ὶν
1758 2196 1938 2275 χάριτι

298 2291 569 2370 ὁρωμένου
628 2291 790 2354 Οὗτος
876 2291 975 2368 γὰρ
1015 2286 1204 2349 ἁλιέως
1239 2286 1334 2361 μὲν
1366 2286 1563 2363 πατρὸς
1593 2285 1681 2364 ἦν,
1715 2286 1811 2353 τὴν
1838 2285 1938 2340 αῦ-

298 2383 396 2449 τὴν
424 2380 478 2437 δὲ
522 2382 722 2460 τέχνην
766 2387 854 2460 τῷ,
896 2379 1051 2455 πατρὶ
1095 2374 1618 2454 μεταχειριζόμενος,
1676 2376 1735 2431 0-3
1778 2374 1938 2450 μόνον

302 2470 508 2546 ἅμαθὴς
564 2459 629 2538 ἦν
687 2470 781 2537 τῆς
846 2459 1163 2533 Ἑλληνικῆς
1217 2465 1303 2519 καὶ
1351 2460 1651 2529 Ἰουδαϊκῆς
1721 2460 1939 2519 παιδεύ-

301 2581 459 2632 σεως,
522 2557 654 2615 ἀλλὰ
725 2560 812 2614 καὶ
866 2556 1040 2622 πάντη
1096 2553 1468 2631 ἀγράμματος,
1527 2554 1661 2608 καθὰ
1703 2550 1768 2620 δὴ
1799 2554 1885 2608 καὶ
1913 2554 1941 2608 ὁ

302 2648 566 2705 θειότατος
600 2652 802 2709 Λουκᾶς
861 2644 915 2699 ἐν
968 2655 1090 2704 ταῖς
1142 2640 1399 2718 Πράξεσιν
1427 2642 1629 2719 ἱστορεῖ
1664 2642 1782 2719 περὶ
1840 2642 1937 2697 αύ-

302 2743 415 2797 τοῦ.
468 2736 563 2793 Καὶ
606 2735 705 2812 γὰρ
735 2732 798 2801 δὴ
824 2733 967 2799 καὶή
1025 2730 1209 2807 πατρὶς
1258 2729 1412 2786 αὐτοῦ
1456 2727 1804 2797 εύτελεστάτη
1856 2730 1945 2785 καὶ

303 2828 534 2905 ἄσημος,
590 2827 664 2887 ὡς
697 2824 894 2903 χωρίον
924 2822 1066 2877 εἶναι
1098 2818 1155 2875 0-3
1199 2817 1445 2896 λογικῆς,
1492 2816 1610 2873 ἀλλ’
1642 2817 1945 2886 ἁλιευτικῆς

298 2903 526 2994 τέχνης,
559 2909 828 2980 Βηθσαϊδᾶ
859 2911 957 2989 γὰρ
1020 2909 1202 2964 τοῦτον
1258 2905 1557 2984 ἑξήνεγκεν,
1594 2903 1742 2994 Ἀλλ’
1798 2905 1943 2981 ὅμως

299 3007 326 3059 ὁ
364 2992 648 3075 ἡτοιοῦτος,
709 3004 737 3057 '0
767 3000 1138 3079 ἀγράμματος,
1185 2998 1213 3051 ὁ
1256 2994 1486 3070 ἄσημος,
1534 2997 1561 3050 ὁ
1602 2992 1767 3069 μηδέν
1799 2994 1944 3074 ἔχων

299 3091 667 3171 περίϐλεπτον,
720 3089 801 3146 ἴδε
858 3088 1009 3144 ποίου
1078 3084 1345 3164 τετύχηκε
1374 3084 1697 3158 πνεύματος,
1731 3083 1867 3140 ὥστε
1911 3083 1946 3139 ἅ

297 3169 481 3256 μηδεὶς
530 3187 636 3237 τῶν
689 3176 865 3235 ἄλλων
921 3176 1308 3253 εὒαγγελιστὼν
1350 3175 1493 3246 ἡμᾶς
1526 3169 1772 3250 ἐδίδαξεν,
1842 3176 1943 3230 αὖ-

299 3273 386 3331 τὸς
457 3277 621 3327 ταῦτα
676 3269 985 3348 βροντῆσαι,
1058 3260 1276 3329 Ἐπειδή
1334 3263 1433 3339 γὰρ
1490 3261 1700 3317 ἐκείνων
1772 3282 1941 3317 κατα-

304 3356 602 3434 γενομένων
660 3346 777 3434 περὶ
834 3356 894 3409 τὸ
972 3351 1276 3425 σωματικὸν
1326 3356 1417 3406 τοῦ
1474 3354 1719 3428 Χριστοῦ,
1778 3346 1943 3420 μηδὲν

308 3444 363 3501 δὲ
422 3448 537 3517 περὶ
591 3453 690 3512 της
774 3444 876 3522 πρὸ
909 3441 1111 3497 αἰώνων
1141 3439 1298 3495 αὐτοῦ
1327 3435 1592 3516 ὑπάρξεως
1626 3436 1948 3516 τρανώτερον

310 3537 396 3593 καὶ
450 3535 766 3614 σαφέστερον
834 3530 1110 3604 εἰπόντων,
1169 3524 1282 3590 δέος
1339 3525 1404 3592 ἧν
1464 3525 1541 3600 μή
1600 3524 1726 3582 ποτέ
1809 3546 1945 3589 τινες

314 3612 706 3704 χαμαιπετεῖς,
764 3623 850 3678 καὶ
895 3616 1061 3695 μηδὲν
1122 3614 1326 3692 ὅψηλὸν
1380 3614 1565 3683 νοῆσαι
1647 3612 1946 3694 δυνάμενοι,

311 3703 560 3789 νομίσωσι
630 3715 719 3769 τὸν
774 3711 996 3791 Χριστὸν
1066 3708 1186 3763 τότε
1236 3712 1443 3785 πρῶτον
1487 3706 1558 3771 εἰς
1601 3703 1818 3783 ὕπαρξιν
1850 3704 1946 3761 ἐλ-

306 3807 442 3884 θεῖν,
501 3803 587 3858 ὃτε
644 3801 748 3857 ἀπὸ
779 3799 978 3879 Μαρίας
1008 3796 1287 3884 ἐγεννήθη,
1320 3798 1408 3884 καὶ
1439 3792 1562 3873 οῦχὶ
1591 3794 1691 3884 πρὸ
1745 3792 1948 3849 αἰώνων

304 3892 362 3947 ἐκ
419 3881 511 3949 τοῦ
572 3891 774 3970 υατρὸς
830 3886 1174 3967 γεννηθῆναι,
1248 3882 1277 3939 ὅ
1310 3883 1520 3945 πάντως
1552 3881 1779 3970 πέπονθε
1809 3887 1946 3938 Παῦ-

298 3981 388 4044 λος
459 3984 486 4037 ὁ
558 3967 923 4055 Σαμοσατεύς.
980 3976 1177 4033 Τούτου
1204 3972 1378 4030 ἕνεκεν
1409 3972 1437 4026 ὃ
1468 3970 1637 4051 μέγας
1690 3967 1944 4037 ἰωάννης

2626 1659 3052 1746 PREFATIO.

2103 1749 2447 1814 605$ancti
2461 1753 2717 1833 Spiritus
2730 1754 2994 1832 potentia
3006 1754 3067 1815 in
3080 1753 3425 1815 infirmitate
3443 1753 3649 1833 perfici
3662 1787 3677 1801 -

2026 1839 2453 1916 turﬁg'w,sicut
2472 1843 2829 1923 etscriptum
2858 1853 2948 1905 est
2978 1852 3038 1906 et
3066 1843 3394 1905 credimus:
3410 1842 3670 1902 infirmi-

2026 1937 2139 1990 tate
2169 1943 2370 1993 autem
2408 1950 2526 1991 non
2554 1931 2823 2012 corporis
2856 1942 3107 2006 tantum,
3136 1930 3241 1994 sed
3272 1942 3329 1994 et
3349 1930 3668 2003 sermonis,

2026 2027 2084 2079 et
2111 2020 2419 2100 sapientiae
2449 2038 2579 2100 quat
2608 2020 2666 2081 in
2692 2019 2893 2100 lingua
2913 2020 3045 2085 sita.
3074 2020 3566 2100 Manifestumque
3584 2028 3674 2080 est

2024 2107 2079 2168 id
2114 2127 2245 2169 cum
2271 2128 2341 2169 ex
2373 2110 2694 2171 multorum
2724 2110 3135 2191 aliorum,tum
3165 2128 3235 2171 ex
3258 2106 3508 2171 Joannis
3540 2126 3669 2167 ma-

2023 2196 2121 2276 gni
2155 2197 2411 2275 theologi
2457 2199 2557 2280 qui
2610 2198 2790 2261 frater
2820 2199 3060 2273 Christi,
3110 2199 3320 2277 gratia.
3363 2197 3470 2260 Hic
3511 2198 3668 2257 enim

2025 2295 2187 2367 patre
2215 2288 2453 2367 quidem
2485 2288 2778 2367 piscatore
2803 2298 2995 2364 natus,
3021 2289 3291 2351 eamdem
3310 2305 3485 2368 quam
3506 2295 3673 2367 pater

2024 2375 2337 2438 exercebat
2361 2374 2708 2440 artem.Non
2740 2377 2929 2439 solum
2962 2387 3160 2440 autem
3196 2375 3510 2456 imperitus
3541 2384 3673 2437 erat

2022 2465 2328 2543 gentilium
2358 2466 2807 2546 disciplinarum
2828 2477 2886 2528 et
2903 2466 3164 2530 Iudaicae
3182 2464 3673 2535 eruditionis,sed

2027 2553 2199 2633 plane
2214 2563 2368 2617 totus
2383 2554 2997 2636 illitteratus,quemad
3007 2557 3247 2618 modum
3269 2553 3677 2616 divinissimus

2027 2642 2213 2705 Lucas
2243 2644 2302 2703 in
2333 2642 2497 2705 Actis
2527 2645 2933 2723 apostolorum
2983 2645 3060 2708 de
3090 2664 3161 2707 eo
3200 2645 3380 2706 tradit
3405 2643 3494 2707 57.
3526 2641 3675 2704 Nam

2027 2741 2084 2791 et
2113 2733 2297 2810 patria
2330 2732 2460 2810 ejus
2486 2730 2615 2792 vilis
2646 2741 2703 2793 et
2734 2735 3010 2803 obscura.
3048 2753 3166 2794 non
3198 2732 3530 2812 insignibus
3573 2749 3675 2793 ar-

2032 2817 2187 2881 tibus
2214 2820 2393 2900 clara,
2426 2822 2532 2881 sed
2586 2819 2893 2897 piscatum
2936 2830 3095 2902 apta.
3148 2820 3466 2883 Bethsaida
3522 2828 3670 2881 erat.

2030 2908 2428 2969 Nihilominus
2449 2907 2788 2971 illitteratus
2806 2908 3213 2990 ille,ignobilis
3244 2909 3591 2989 ille,quique
3613 2908 3677 2969 in

1968 3033 2005 3084 Β
2032 2996 2191 3060 nullo
2233 2997 2572 3084 spectabilis
2620 3006 2767 3073 erat,
2802 2999 2932 3060 vide
2982 3006 3263 3079 quantum
3316 2996 3559 3058 sortitus
3602 2998 3679 3058 sit

2027 3085 2322 3166 spiritum.
2356 3083 2585 3148 Etenim
2618 3103 2749 3166 qua:
2780 3087 2978 3149 nullus
2998 3086 3251 3149 aliorum
3289 3084 3676 3162 evangelista-

2028 3194 2158 3235 rum
2192 3194 2298 3236 uos
2328 3174 2547 3249 docuit,
2584 3193 2653 3236 ea
2682 3175 2807 3255 ipse
2847 3175 3119 3239 intonare
3156 3194 3339 3238 ausus
3380 3182 3495 3237 est.
3530 3172 3677 3236 Nam

2028 3283 2158 3324 cum
2208 3264 2295 3325 illi
2333 3264 2603 3344 occupati
2660 3263 2911 3327 fuissent
2967 3284 3024 3327 an
3072 3265 3293 3327 carnali
3350 3264 3680 3326 substantia

2027 3350 2245 3415 Christi
2272 3352 2914 3434 explicanda,nihilque
2932 3354 3091 3415 clare
3122 3362 3178 3414 et
3210 3351 3521 3415 manifeste
3538 3353 3679 3415 satis

2029 3441 2103 3502 de
2128 3442 2451 3503 substantia
2473 3440 2598 3520 ejus
2619 3440 2930 3522 dixissent,
2962 3461 3137 3523 quam
3160 3451 3297 3504 ante
3328 3441 3545 3503 saecula
3568 3441 3679 3502 ha-

2031 3529 2156 3592 buit
2188 3550 2201 3592 :
2239 3528 2610 3591 metuebatur
2661 3549 2734 3592 ne
2790 3531 3025 3612 quando
3076 3531 3315 3612 quidam
3378 3530 3544 3592 humi
3574 3548 3677 3591 re-

2033 3627 2259 3699 pentes,
2296 3618 2557 3698 nihilque
2583 3618 2840 3681 sublime
2870 3619 3205 3697 intelligere
3236 3620 3522 3692 valentes,
3564 3638 3679 3700 pu-

2033 3714 2225 3768 tarent
2254 3705 2549 3769 Christum
2584 3716 2725 3769 tunc
2757 3707 3012 3789 primum
3046 3706 3372 3770 subsistere
3395 3707 3673 3787 cmpisse,
3742 3784 3745 3787 η

2030 3796 2264 3877 quando
2297 3814 2364 3857 ex
2403 3795 2586 3858 Maria
2610 3807 2781 3857 natus
2815 3805 2925 3871 est,
2957 3806 3015 3858 et
3047 3815 3164 3857 non
3198 3807 3335 3857 ante
3361 3796 3577 3857 saecula
3602 3812 3673 3856 ex

2032 3887 2199 3946 Patre
2220 3893 2422 3945 natum
2459 3902 2613 3966 esse,
2639 3884 2694 3945 id
2728 3886 2883 3966 quod
2924 3885 3125 3966 utique
3156 3884 3342 3946 Paulo
3386 3888 3672 3945 Samosa-

2029 3983 2166 4035 teno
2183 3973 2421 4049 accidit.
2448 3978 2769 4055 Propterea
2789 3993 3035 4055 magnus
3050 3973 3309 4037 Joannes
3330 3973 3404 4035 de
3417 3991 3677 4055 superna

297 4074 414 4151 περὶ
464 4076 561 4137 τῆς
618 4069 726 4125 ἄνω
778 4067 1074 4146 γεννήσεως
1145 4059 1515 4136 διαλαμϐάνει,
1596 4060 1768 4116 καίτοι
1827 4057 1939 4116 οὐδὲ

2027 4064 2156 4143 ejus
2185 4063 2571 4141 generatione
2601 4072 2829 4139 tractat,
2882 4063 3151 4145 quamvis
3207 4062 3444 4124 interim
3487 4071 3545 4124 et
3575 4061 3674 4123 in-

296 4147 394 4230 τὴν
453 4161 715 4238 σάρκωσιν
771 4164 863 4214 τοῦ
926 4154 1100 4233 Λόγου
1149 4150 1552 4228 ἀμνημόνευτον
1590 4147 1934 4238 καταλείψας·

2025 4156 2424 4215 carnationein
2463 4152 2639 4214 Verbi
2680 4170 2800 4213 non
2830 4153 2967 4214 δυοι
3011 4152 3299 4233 relinquit
3340 4150 3621 4213 intactam
3656 4172 3673 4229 ;

301 4252 427 4332 φησί
485 4229 607 4328 γέιρ·
700 4271 723 4304 ι
785 4248 881 4306 Καὶ
952 4247 980 4302 ὁ
1006 4229 1185 4332 λόγος
1222 4238 1625 4332 σὰρξλεγενεᾍτο.
1680 4262 1702 4293 ι
1746 4229 1835 4303 Ὠς
1884 4235 1939 4332 δέ

2025 4241 2166 4302 dicit
2194 4240 2373 4307 enim,
2417 4241 2553 4332 «Et
2576 4243 2821 4332 verbum
2852 4258 2992 4332 caro
3023 4229 3239 4301 factum
3264 4249 3377 4302 est.
3404 4264 3432 4332 ιι
3460 4239 3676 4332 Dicunt

301 4324 437 4403 τινὲς
501 4324 657 4418 -φασι,
732 4338 818 4393 καὶ
873 4334 1100 4403 ἠξίωσαν
1136 4330 1294 4387 αὐτὸν
1325 4330 1371 4384 οἰ
1403 4324 1661 4406 ὁρθόδοξοι
1704 4326 1937 4405 συγγρά-

2025 4341 2215 4392 auterr.
2248 4328 2520 4390 nonnulli
2550 4331 2706 4411 quod
2739 4330 2915 4391 etiam
2950 4330 3143 4411 ipsum
3171 4328 3506 4408 rogaverint
3538 4328 3671 4410 qui-

303 4435 397 4505 ψαι
454 4414 570 4506 περὶ
622 4431 719 4493 τῆς
793 4422 903 4480 ἅνω
971 4421 1292 4500 γεννήσεως,
1326 4416 1422 4473 οἷα
1452 4414 1820 4506 ἀναφανέντων
1848 4437 1934 4470 τι-

302 4502 403 4574 νῶν
460 4502 734 4597 αἱρετικῶν
806 4515 868 4570 ἂν
898 4524 1020 4575 ταῖς
1050 4508 1273 4597 ἡμέραις
1302 4506 1548 4597 ἐκείναις,
1585 4504 1691 4561 τῶν
1731 4502 1935 4597 δογμα-

297 4591 544 4679 τιζόντων
605 4602 876 4682 ἄνθρωπον
906 4598 1063 4678 ψιλὸν
1102 4596 1327 4676 ὑπάρξαι
1371 4598 1465 4652 τὸν
1504 4591 1739 4661 ⁸Ἰησοῦν.
1808 4592 1936 4651 "Ott

294 4696 358 4766 δη
413 4695 621 4774 λέγεται
678 4681 709 4751 ὃ
764 4689 911 4771 ἅγιος
942 4690 1009 4747 τὰ
1035 4693 1141 4744 τῶν
1172 4684 1348 4742 ἄλλων
1391 4681 1936 4762 εὺαηελιστῶνᾶια-

296 4769 498 4864 γνοὺς,
531 4769 946 4858 θαυμάσαιήμὲν
1002 4777 1229 4839 ἐκείνους
1288 4773 1382 4843 τῆς
1415 4772 1532 4851 περί
1579 4773 1761 4864 ⁸πάντα
1809 4769 1937 4837 ἀλη-

293 4860 410 4939 θοῦς
467 4873 817 4952 ἀφηγήσεως,
872 4868 1136 4946 ἐπικρῖναι
1186 4863 1240 4922 δὲ
1281 4866 1353 4927 ὡς
1385 4864 1548 4954 ὺγιίῦς
1579 4860 1800 4954 ἔχοντα,
1854 4872 1940 4954 καὶ

296 4963 459 5041 μηδὲν
514 4942 645 5041 προς
703 4959 860 5040 χάριν
891 4942 1133 5019 εἰπόντας
1175 4960 1283 5011 τῶν
1307 4951 1642 5041 ἀποστόλων.
1693 4942 1772 5041 "it
1802 4948 1935 5026 μὲν-

297 5038 374 5111 τοι
432 5052 492 5109 οὗ
540 5038 744 5129 άαφὼξ
778 5038 932 5105 εἷπον
1000 5049 1222 5119 ἐκεῖνοι,
1280 5042 1317 5111 ἢ
1372 5040 1584 5103 τελείως
1616 5038 1931 5119 παρέλιπον,

299 5145 456 5200 ταῦτα
486 5142 640 5198 αὐτὸν
669 5137 993 5216 ἰξαπλῶσαι,
1025 5137 1113 5191 καὶ
1141 5138 1430 5213 τρανώσαι,
1487 5132 1577 5186 καὶ
1628 5132 1932 5208 προσθεῖναι

299 5232 381 5289 διὰ
433 5241 527 5290 τοῦ
581 5226 708 5285 ἰδίου
741 5224 1077 5307 Εὐαγγελίου⁶
1114 5222 1142 5278 ὅ
1168 5223 1254 5279 καὶ
1284 5220 1603 5299 συνέγραψεν
1650 5220 1713 5307 εν⁸
1737 5217 1934 5307 Πάτμῳ

295 5330 360 5399 τῇ
390 5323 536 5395 νήσῳ
593 5304 869 5396 ἒξόριστοςὝ
896 5304 1176 5389 διατελῶν,
1223 5312 1357 5386 μετὰ
1412 5304 1784 5389 τριακονταδύο
1839 5306 1931 5375 ἔτη

295 5394 390 5479 της
448 5394 542 5469 τοῦ
597 5394 822 5489 Χριστοῦ
890 5404 1231 5480 ἀναλήψεως,
1288 5399 1564 5480 Ἠγαπᾶτο
1607 5394 1663 5453 δὲ
1720 5397 1932 5455 πάντων

294 5501 520 5580 μάλιστα
581 5487 831 5577 μαθητῶν
915 5493 1164 5561 Ἰωάννης
1227 5498 1303 5567 τῷ
1362 5489 1553 5568 Κυρίῳ,
1602 5489 1677 5551 ὡς
1735 5487 1931 5554 ἁπλοῦς

360 5660 576 5724 “'53”
627 5660 765 5721 Cor.
793 5674 875 5735 ιι,
900 5658 958 5721 9.
1046 5654 1107 5704 57
1130 5654 1263 5715 Act.
1302 5670 1381 5715 iv.

2020 4420 2153 4481 dam
2181 4418 2517 4499 orthodoxi,
2552 4427 2613 4479 ut
2643 4419 3051 4481 conscriberet
3071 4419 3146 4481 de
3174 4436 3435 4499 superna
3465 4418 3675 4479 nativi-

2022 4518 2163 4585 tate,
2193 4527 2263 4570 eo
2294 4508 2451 4588 quod
2484 4520 2622 4570 tunc
2651 4508 2862 4571 diebus
2892 4508 3011 4570 illis
3032 4507 3671 4589 pullularenthzeretici

2020 4597 2196 4679 aliqui
2230 4598 2525 4661 Christum
2566 4596 2870 4659 hominem
2904 4615 3036 4659 esse
3067 4616 3278 4678 purum
3301 4596 3518 4658 docere
3549 4614 3686 4658 non.

2020 4687 2284 4749 reveriti.
2316 4685 2544 4748 Dicitur
2575 4705 2807 4768 quoque
2832 4687 2988 4768 quod
3014 4694 3255 4747 Sanctus
3277 4686 3543 4760 itle,cum
3576 4684 3669 4747 le-

2021 4776 2202 4856 gisset
2232 4794 2298 4837 ea
2335 4794 2465 4857 quaa
2508 4774 2581 4836 ab
2618 4774 2745 4836 aliis
2796 4775 3168 4856 evangelistis
3207 4783 3377 4837 erant
3424 4774 3666 4856 scripta,

2020 4864 2343 4927 admiratus
2369 4865 2443 4925 sit
2472 4863 2604 4925 illos
2648 4863 2721 4924 de
2761 4864 3040 4926 omnibus
3086 4864 3326 4946 quidem
3357 4881 3496 4925 vera
3524 4880 3667 4924 nar-

2019 4972 2208 5028 rasse,
2244 4962 2301 5014 et
2322 4952 2600 5034 judicarit
2651 4953 2785 5015 illos
2831 4964 2992 5016 recte
3022 4963 3081 5016 et
3106 4953 3257 5015 nihil
3298 4954 3369 5014 ad
3417 4954 3665 5031 gratiam

2019 5043 2418 5125 apostolorum
2451 5043 2783 5125 scripsisse.
2808 5044 3099 5107 Caeterum
3124 5060 3256 5125 qua
3283 5042 3368 5104 illi
3398 5061 3515 5103 non
3548 5061 3669 5105 ma-

2020 5133 2235 5195 nifeste
2265 5131 2562 5207 dixerunt,
2602 5132 2690 5194 vel
2741 5133 2983 5195 omnino
3031 5132 3559 5214 praetermiserunt,
3596 5150 3668 5194 ea

2014 5222 2143 5304 ipse
2192 5219 2537 5302 eXplanare,
2570 5228 2628 5281 et
2658 5220 2879 5301 liquida
2899 5220 3503 5302 facere,adjicereque
3531 5238 3666 5300 pro-

2014 5316 2144 5393 prio
2177 5309 2495 5390 Evangelia
2519 5308 2724 5389 erepit,
2754 5310 2913 5389 quod
2959 5322 3018 5371 et
3048 5310 3211 5371 exsul
3244 5307 3306 5369 in
3339 5308 3537 5370 Patmo
3566 5308 3664 5369 in-

2014 5400 2142 5462 sula
2171 5399 2527 5480 conscripsit
2560 5406 2689 5480 post
2718 5399 2954 5479 triginta
2982 5399 3132 5462 duos
3186 5415 3374 5460 annos
3404 5406 3533 5479 post
3562 5416 3665 5458 as-

2016 5500 2317 5571 sumptum
2352 5488 2413 5550 in
2443 5489 2633 5551 ctelos
2664 5488 2989 5551 Christum.
3026 5488 3288 5549 Dilectus
3328 5498 3416 5547 est
3464 5496 3664 5549 autem
