4140 6280
505 373 660 438 1138

502 619 572 661 eo
603 601 765 680 quod
796 600 1067 664 absolute
1098 603 1257 664 mitis
1289 610 1436 675 erat,
1472 601 1957 683 suavissimisque
1975 601 2152 663 mori-

500 690 633 770 bus,
664 708 732 751 ac
765 691 984 751 mundo
1010 690 1212 767 corde,
1239 709 1453 772 nempe
1495 690 1683 770 virgo.
1723 689 1895 753 Unde
1929 699 1989 753 et
2017 708 2148 752 am-

500 779 657 861 plius
684 779 903 841 notitiae
925 780 1032 842 Dei
1060 780 1280 843 donum
1328 782 1380 842 ei
1414 780 1819 843 concreditum
1856 788 1968 853 est,
2020 798 2150 859 my-

498 869 813 949 steriisque
846 869 1143 950 plerisque
1174 870 1493 947 incognitis
1544 869 1672 950 ipse
1718 868 2005 931 delicatus
2036 876 2147 932 est.

508 983 532 1015 ι
562 958 729 1021 Beati
755 984 778 1013 ι»
816 958 999 1032 enim,
1032 958 1245 1039 inquit,
1277 958 1484 1020 mundi
1506 958 1711 1033 corde,
1734 957 2013 1039 quoniam
2039 953 2153 1035 ipsi

497 1045 684 1109 Deum
721 1046 1012 1109 videbunt
1036 1048 1158 1109 58.»
1196 1051 1334 1111 Erat
1362 1048 1607 1128 insuper
1627 1056 1686 1109 et
1708 1055 1989 1125 cognatus
2022 1045 2144 1106 Do-

498 1135 666 1197 mini.
698 1134 1003 1207 Quomodo
1029 1142 1258 1199 autem?
1296 1136 1473 1198 Audi.
1498 1135 1720 1214 Joseph
1750 1135 1849 1197 ille
1882 1134 2147 1214 Deiparaa

497 1242 749 1305 sponsus
773 1223 982 1286 habuit
1036 1243 1103 1286 ex
1157 1226 1360 1305 priore
1403 1242 1585 1286 uxore
1642 1223 1861 1285 liberos
1890 1232 2145 1303 septem,

498 1322 747 1393 quatuor
777 1331 972 1374 mares
1002 1322 1059 1375 et
1088 1322 1215 1376 tres
1247 1313 1539 1392 femellas,
1590 1313 1903 1391 Martham,
1932 1310 2147 1373 Esther

496 1411 554 1463 et
577 1400 855 1464 Salomen
886 1422 900 1478 ;
934 1411 993 1463 et
1037 1402 1196 1463 illius
1226 1420 1389 1466 sane.
1416 1401 1684 1463 Salomes
1713 1398 2144 1481 inquam,ﬁlius

495 1499 621 1552 erat
637 1489 897 1553 Joannes
921 1491 1042 1553 ille.
1069 1492 1445 1571 Comperitur
1468 1491 1673 1570 itaque
1700 1490 1981 1551 Dominus
2003 1506 2138 1549 esse

493 1579 816 1639 avunculus
846 1580 998 1659 ejus,
1035 1581 1312 1660 quoniam
1342 1576 1566 1659 Joseph
1596 1579 1831 1638 habitus
1861 1588 1949 1636 est
1977 1586 2143 1656 pater

497 1664 922 1741 Domini,illius
953 1675 1150 1729 autem
1182 1665 1402 1746 Joseph
1425 1666 1545 1727 tilia
1568 1666 1804 1728 Salome
1822 1674 1878 1725 et
1898 1664 2145 1744 proinde

1468 376 2064 444 THEOPHYLACTI
2109 375 2520 441 BULGARIE
2564 378 2923 442 ARCHIEP.

499 509 763 573 Joannes
778 530 898 593 pra!
919 512 1229 595 discipulis
1245 512 1521 574 omnibus
1544 514 1797 574 maxime
1817 532 1851 575 a
1869 512 2144 585 Domino,

2230 533 2287 568 τε
2346 514 2436 569 καὶ
2492 512 2814 593 πραότατος,

3740 376 3911 441 1136

2903 514 2990 570 καὶ
3063 515 3594 595 χρηστοηθέστατος,
3673 518 3776 572 καὶ
3835 517 3910 577 ὡς

2233 603 2457 679 καθαρὸς
2510 602 2608 669 τὴν
2674 601 2909 683 καρδίαν,
2958 603 3118 678 ἢγουν
3153 604 3429 682 παρθένος.
3467 604 3554 671 Ἐξ
3586 608 3647 662 06
3675 603 3753 672 δὴ
3782 628 3904 684 χα-

2233 692 2487 769 ρίσματος
2519 696 2609 746 καί
2637 690 2738 759 τὴν
2791 690 3064 769 θεολογίαν
3120 691 3424 767 ἐπιστεύθη,
3494 702 3601 750 τῶν
3652 695 3906 751 ἀθεάτων

2232 793 2349 843 τοῖς
2414 778 2640 842 πολλοῖς
2705 784 3005 860 μυστηρίιοιν
3074 784 3503 863 κατατρυφήσας,
3546 805 3569 838 α
3620 783 3900 856 Μακάριοι

2230 870 2371 949 γὰρ,
2428 870 2610 950 φησὶν,
2630 870 2677 925 οἱ
2708 871 2920 948 καθαροὶ
2936 876 3005 947 τῇ
3049 869 3253 950 καρδίᾳ,
3301 869 3381 927 ὅτι
3414 871 3565 929 αὒτοί
3596 874 3692 929 τὸν
3763 875 3902 927 Θεὸν

2516 980 2544 1011 ι
2578 946 2679 1014 Ἠν
2730 956 2783 1013 δὲ
2834 946 2933 1037 ἆρα
2982 946 3077 1016 καὶ
3122 946 3398 1037 συγγενὴς
3426 970 3518 1018 τοῦ
3551 962 3772 1038 Κυρίου⁶
3809 961 3899 1016 καὶ

2227 1053 2368 1119 πῶς,
2452 1044 2694 1108 ἄκουσον.
2771 1045 2970 1127 Ἰωσὴφ
3026 1050 3054 1103 6
3121 1049 3219 1115 τῆς
3296 1047 3563 1127 πανᾶγνου
3618 1050 3899 1107 Θεοτόκου

2228 1134 2471 1213 μνηστὴρ
2509 1134 2668 1214 ἔσχεν
2727 1133 2787 1191 ἐκ
2856 1136 3112 1215 προτέρας
3183 1139 3427 1214 γυναικὸς
3487 1135 3687 1200 παῒδας
3725 1139 3897 1210 ἑπτὰ,

2226 1222 2484 1302 τέσσαρας
2538 1222 2754 1302 ἂρρενας
2825 1226 2911 1281 καὶ
2998 1239 3145 1300 τρεῖς
3230 1224 3468 1300 θηλείας,
3516 1227 3612 1293 τὴν
3644 1228 3897 1305 Μάρθαν,

2224 1312 2324 1380 τὴν
2378 1311 2594 1385 Ἐσθὴρ,
2649 1314 2745 1381 τὴν
2776 1312 3069 1387 Σαλώμην,
3118 1313 3205 1393 ἧς,
3237 1312 3400 1394 λέγω,
3430 1320 3530 1382 τῆς
3578 1314 3892 1391 Σαλώμης,

2225 1402 2333 1460 υίὸς
2391 1402 2457 1468 ἦν
2516 1400 2667 1463 οὗτος
2714 1403 2744 1457 6
2814 1399 3090 1469 Ἰωάννης,
3170 1404 3468 1481 [εὑρίσκεται
3495 1405 3668 1460 τοίνυν
3717 1407 3749 1461 6
3780 1410 3891 1463 K6-

2225 1512 2333 1568 ριος
2415 1492 2560 1554 θεῖος
2630 1494 2788 1549 αὐτοῦ
2816 1489 2912 1549 ὤν.
2948 1487 3094 1548 Ἐπεὶ
3126 1494 3225 1571 γὰρ
3268 1492 3445 1571 πατὴρ
3477 1493 3568 1549 106
3615 1495 3817 1571 Κύρίου
3863 1497 3888 1548 6

2227 1578 2449 1657 Ἰωσὴφ,
2507 1579 2692 1636 τούτου
2776 1577 2831 1634 δὲ
2883 1586 2976 1635 τοῦ
3032 1578 3229 1660 Ἰωσὴφ
3273 1582 3504 1660 θυγάτηρ
3550 1583 3584 1648 ἡ
3616 1583 3887 1657 Ζαλώμη’

2228 1665 2429 1747 ἀδελφὴ
2486 1666 2583 1743 ἄρα
2636 1666 2726 1723 106
2784 1669 2972 1746 Κυρίου
3040 1671 3074 1736 ἦ
3133 1667 3372 1745 Σαλώμη
3408 1669 3701 1750 λογίζεται,
3747 1670 3889 1726 ὥστε

495 1754 697 1816 habita
717 1772 887 1816 soror
908 1754 1172 1831 Domini;
1204 1763 1381 1835 atque
1414 1755 1498 1816 sic
1527 1756 1784 1815 Joannes
1816 1755 1944 1832 ejus
1966 1753 2145 1826 ﬁlius,

2228 1758 2316 1814 καὶ
2385 1759 2412 1812 6
2484 1757 2678 1823 ταύτης
2710 1758 2819 1821 υίὸς
2851 1756 3099 1823 Ἰωάννης
3130 1758 3347 1834 ἀνεψιὸς
3377 1762 3468 1815 106
3527 1761 3742 1838 Κυρίου.
3779 1763 3888 1818 Οὔκ

494 1862 683 1924 nepos
702 1843 1266 1907 Domini.Fortassis
1285 1852 1482 1906 autem
1504 1862 1621 1905 non
1640 1842 1960 1903 absurdum
1974 1840 2146 1903 fuerit

2232 1845 2429 1902 ἄτοπον
2479 1844 2532 1900 δὲ
2584 1845 2721 1909 ’ίσως
2778 1848 2863 1901 καὶ
2919 1846 2983 1901 τὰ
3040 1846 3274 1921 ὀνόματα
3327 1853 3423 1918 τῆς
3455 1852 3661 1951 μητρὸς
3722 1851 3887 1907 αὖτοῦ

500 1935 743 1995 nomina
770 1942 829 1994 et
860 1933 1068 1995 matris
1101 1934 1229 2014 ejus
1260 1942 1318 1995 et
1348 1932 1725 2011 evangelista:
1752 1931 2009 2011 aperire.
2042 1928 2146 1991 Et-

2233 1936 2319 1990 καὶ
2375 1936 2531 1991 αὒτοῦ
2580 1934 2675 1991 106
2750 1933 3125 2014 εὖαγγελιστοῦ
3176 1936 3486 2004 ἀναπτύξαι,
3564 1928 3625 1993 Ἠ
3698 1941 3885 2015 μήτηρ

494 2024 651 2085 enim
684 2033 870 2084 mater
892 2023 1022 2102 ejus
1046 2041 1177 2103 quae
1200 2022 1438 2086 Salome
1454 2020 2146 2107 dicebatur,interpreta-

2232 2023 2469 2099 Σαλώμη
2522 2022 2845 2099 καλουμένη,
2920 2024 3264 2101 ἑρμηνεύεται
3312 2028 3575 2107 εἰρηνικὴ,
3608 2030 3637 2084 6
3663 2025 3722 2083 δὲ
3759 2027 3883 2084 Ἰω-

492 2118 587 2171 tur
616 2110 1165 2191 paciﬁca,.loannes
1183 2119 1377 2174 autem
1402 2112 1609 2191 gratia
1636 2107 1952 2188 ejus.Sciat
1974 2106 2146 2185 igitur

2230 2114 2414 2186 άννης,
2488 2113 2645 2191 χάρις
2705 2116 2892 2180 αὐτῆς,
2953 2115 3262 2171 Γινωσκέτω
3291 2115 3381 2171 οὖν
3410 2106 3771 2196 πᾶσαίψυχή,
3810 2117 3880 2177 ὡς

491 2201 688 2261 omnis
704 2200 903 2261 anima
923 2200 1079 2280 quod
1106 2217 1215 2280 pax
1238 2218 1368 2281 quae
1392 2217 1531 2279 erga
1552 2198 1917 2272 homines,et
1941 2196 2143 2276 qnaain

2229 2202 2262 2269 ἡ
2322 2203 2505 2280 εἰρήνη
2566 2204 2598 2269 ἡ
2672 2202 2802 2280 πρός
2858 2223 2915 2258 τε
2965 2202 3085 2265 τοὺς
3141 2202 3465 2281 ἀνθρώπους.
3538 2208 3625 2262 καὶ
3656 2212 3692 2275 ἡ
3740 2210 3873 2261 κατὰ

490 2291 687 2350 anima
717 2288 790 2350 ab
822 2287 1233 2350 aﬂ‘ectionibus
1292 2287 1506 2361 libera,
1558 2295 1750 2349 mater
1801 2286 1877 2346 sit
1931 2284 2146 2374 divinae

2229 2292 2415 2370 ψυχὴν
2465 2290 2571 2346 ἀπο
2612 2292 2715 2347 τῶν
2774 2294 2981 2366 παθῶν,
3035 2294 3218 2371 μήτηρ
3246 2294 3444 2372 γίνεται
3475 2295 3574 2363 τῆς
3604 2297 3749 2358 θείας
3779 2296 3878 2374 χά·

490 2377 715 2455 gratim,
748 2384 807 2438 et
834 2385 1082 2455 generat
1123 2376 1295 2438 istam
1345 2379 1403 2438 in
1436 2375 1630 2437 nobis.
1675 2375 1949 2438 Animam
1983 2373 2141 2435 enim

2228 2401 2394 2459 ριτος,
2467 2381 2554 2436 καὶ
2622 2385 2780 2456 γεννᾷ
2820 2380 3017 2446 ταύτην
3046 2379 3100 2435 ἐν
3129 2382 3287 2456 ἡμῖν.
3331 2383 3436 2451 Τὴν
3468 2386 3566 2461 γὰρ
3612 2373 3872 2462 ταραττο-

491 2467 830 2546 quaeadhuc
848 2466 1433 2546 turbatur,etpugnat
1455 2473 1657 2527 contra
1678 2465 1951 2553 homines
1967 2462 2140 2543 alios,

2228 2472 2394 2547 μένην
2449 2472 2659 2550 ψυχὴν,
2716 2474 2805 2528 καὶ
2860 2471 2936 2527 ἔτι
2992 2473 3178 2553 μάχας
3234 2474 3464 2553 ἔχουσαν
3492 2479 3624 2553 πρὸς
3668 2499 3723 2533 τε
3753 2478 3868 2538 τοὺς

490 2564 548 2617 et
577 2564 783 2617 contra
811 2555 1220 2636 seipsam,non
1252 2554 1576 2616 verisimile
1600 2560 1690 2614 est
1716 2552 1975 2614 divinam
1993 2570 2142 2614 con-

2228 2559 2419 2624 ἄλλους
2449 2560 2773 2639 ἀνθρώπους,
2844 2561 2930 2617 καὶ
3004 2552 3133 2640 προς
3208 2552 3420 2635 ἑαυτὴν,
3466 2552 3563 2621 οὐκ
3589 2568 3726 2629 εἰκὸς
3771 2570 3861 2632 τῆς

490 2642 661 2722 sequi
692 2644 972 2722 gratiam.
1007 2642 1466 2705 Consideremus
1493 2652 1690 2704 autem
1722 2650 1781 2703 et
1813 2639 2143 2702 mirabilius

2228 2651 2362 2714 θείας
2434 2647 2717 2715 ἀξιωθῆναι
2779 2651 3022 2729 χάριτος,
3100 2650 3539 2728 Ἐπεσκεψέμεθα
3572 2652 3627 2710 δὲ
3672 2658 3754 2711 καὶ
3806 2678 3855 2711 τι

492 2733 778 2823 quiddam
803 2733 959 2823 quod
992 2732 1152 2794 circa
1196 2742 1463 2796 sanctum
1515 2733 1679 2823 illum
1717 2731 2141 2823 evangelistam

2228 2738 2653 2816 θαυμασιώτερον
2708 2736 2911 2813 συμϐὰν
2968 2742 3085 2819 περὶ
3155 2751 3339 2800 τοῦτον
3410 2740 3475 2810 δὴ
3518 2746 3611 2800 τὸν
3644 2749 3851 2823 εὐαγγε-

488 2820 881 2885 accidiLTres
902 2821 1003 2883 ille
1034 2840 1188 2884 unus
1208 2830 1423 2884 matres
1454 2821 1676 2884 habere
1700 2818 2142 2901 comparet:Sa-

2228 2826 2411 2895 λιστήν
2469 2826 2747 2893 Ἰωάννην.
2823 2828 2993 2891 Μόνος
3042 2818 3150 2908 γὰρ
3206 2832 3356 2894 οὗτος
3429 2846 3572 2909 τρεῖς
3626 2818 3841 2908 μητέρας

489 2912 689 2973 lomen
719 2920 932 2973 natura
962 2912 1079 2992 (α),
1111 2911 1461 2984 tonitruum,
1490 2911 1648 2972 ﬁlius
1677 2911 1837 2970 enim
1868 2917 1963 2971 est
1984 2911 2142 2970 toni-

2228 2917 2565 2995 ἀναφαίνεται
2628 2915 2795 2996 ἔχων,
2867 2918 2965 2984 την
3020 2920 3245 2998 φυσικὴν
3303 2921 3406 2988 τὴν
3435 2920 3702 2993 Σαλώμην,
3749 2923 3840 2987 τὴν

489 3000 605 3062 trui
632 3008 949 3081 propterea
971 3000 1125 3081 quod
1161 3000 1223 3061 in
1252 2999 1573 3079 Evangelio
1598 2999 2008 3089 vocalissimus
2025 2998 2146 3059 fue-

2228 3004 2451 3084 βροντὴν
2513 3002 2645 3083 (υίὸς
2706 3006 2806 3085 γὰρ
2863 3007 3087 3085 βροντῆς
3155 3006 3239 3064 διὰ
3280 3010 3380 3078 τὴν
3408 3020 3501 3069 106
3547 3009 3844 3089 Εὗαγγελίου

487 3089 566 3180 rit
598 3100 656 3151 et
703 3089 1014 3170 Deiparam
1052 3109 1065 3150 :
1104 3108 1239 3151 nam
1297 3089 1512 3171 inquit,
1579 3088 1736 3180 Ecce
1788 3095 1983 3180 mater
2022 3095 2141 3150 tua.

2228 3092 2681 3175 μεγαλοφωνίαν),
2739 3098 2825 3152 καὶ
2881 3096 2979 3163 τὴν
3022 3098 3300 3154 Θεοτὸκον⁹
3350 3121 3375 3155 ι
3434 3097 3563 3156 Ἰδοὺ
3604 3088 3716 3177 γὰρ,
3749 3123 3846 3180 οη-

494 3176 713 3279 Verum
748 3180 872 3280 huic
901 3189 1039 3242 ante
1070 3180 1530 3282 -enarrationem
1589 3178 1774 3277 dicta.
1798 3177 2095 3238 sufﬁciant
2126 3194 2139 3239 :

2228 3185 2330 3261 σὶν,
2385 3184 2438 3282 ,ἡ
2507 3183 2689 3261 μήτηρ
2738 3206 2855 3243 σου.
2924 3207 2951 3238 ι
3005 3181 3155 3241 Ἀλλ’
3226 3186 3339 3243 ἐπεὶ
3370 3195 3534 3244 ταῦτα
3583 3176 3713 3265 ἡμῖν

492 3285 649 3328 nunc
678 3268 1020 3349 incipienda
1048 3268 1342 3329 dictorum
1370 3268 1503 3356 ejus
1524 3265 1841 3328 reseratio.

2228 3276 2325 3339 τῆς
2356 3269 2657 3349 ἐξηγήσεως
2687 3272 2929 3350 εἴρηται,
2956 3273 3173 3353 ἀρκτέον
3195 3272 3299 3343 ἢδη
3344 3278 3432 3333 καὶ
3462 3279 3559 3343 τῆς
3587 3286 3679 3335 106
3705 3265 3855 3356 ρητώ

1055 3357 1197 3418 ὃοὸ
1231 3355 1472 3421 CAPUT
1511 3356 1556 3420 Ι.
2228 3359 2584 3425 ἀναπτύξεως.

495 3452 925 3515 Testimonium
956 3452 1214 3514 Joannis
1235 3453 1309 3513 de
1341 3451 1601 3514 Christo.
1623 3448 1933 3525 Quomodo
1946 3450 2143 3511 Joan-

2516 3484 2517 3489 η
2851 3461 3103 3518 ΚΕΦΑΛ.
3138 3455 3222 3518 Α’.

568 3550 672 3631 νεεδ
703 3535 1161 3631 interrogatum
1192 3533 1567 3631 miseritum:
1619 3534 1797 3631 Iesus
1839 3527 2145 3631 ﬁgat-illc

2228 3548 2349 3631 napi
2411 3551 2513 3631 τῆς
2564 3547 2854 3631 μαρτυρίας
2908 3552 3029 3631 τοῦΔ
3068 3547 3313 3631 Ἰωάννου
3401 3552 3519 3631 περὶ
3618 3560 3851 3631 Χριστςῠ.

576 3613 892 3706 clarique;
924 3606 1005 3673 De
1036 3613 1342 3706 vocatione
1366 3606 1646 3690 Andreae,
1679 3612 1871 3678 Petri.
1898 3606 2143 3687 Philip-

2304 3606 2426 3704 ΪΙερὶ
2471 3606 2590 3683 '106
2650 3606 2930 3706 ’Ἰωάννου
3011 3626 3391 3706 ἐρωτηθέντος,
3471 3606 3527 3687 Γεί

566 3696 632 3771 pi
660 3698 716 3752 et
745 3690 1170 3755 Nathanaelis.
1633 3678 1645 3690 ’
2068 3678 2081 3687 ’

2306 3678 2583 3788 iam:
2624 3678 3391 3788 nsgfﬁiiepééifﬁéépéé?
3451 3678 3741 3771 ιιῖζλίπῖἑιῗ
3781 3678 3858 3770 καὶ

2304 3784 2581 3855 Ναθαναὴλ
2609 3784 2928 3853 κληθέντων.

569 3873 753 3937 Vens.
790 3876 845 3936 1.
878 3899 905 3930 α
946 3876 1013 3964 In
1037 3873 1331 3964 principio
1362 3882 1488 3964 erat
1516 3870 1796 3964 Verbum.
1836 3896 1863 3927 ι
1898 3869 2065 3964 Sicut
2081 3877 2139 3930 et

2306 3901 2334 3933 α
2366 3876 2463 3939 Ἐν
2491 3878 2639 3958 ἀρχῇ
2660 3880 2727 3947 ἦν
2768 3881 2796 3935 ὁ
2827 3880 3022 3959 Λόγος.
3054 3903 3082 3935 ι
3133 3871 3320 3961 ’Ὀπιρ
3362 3885 3449 3941 καὶ
3478 3886 3536 3940 ὲν
3565 3886 3855 3964 προοιμίοις

488 3964 551 4025 in
597 3964 885 4043 prooemio
941 3963 1241 4053 dicebam,
1270 3962 1351 4024 ita
1380 3963 1582 4053 denuo
1620 3960 1779 4053 dico,
1811 3962 1971 4053 qu_od
2001 3977 2135 4053 eum

2228 3968 2406 4041 εἷπον,
2466 3966 2626 4025 πάλιν
2657 3969 2745 4024 καὶ
2788 3975 2943 4025 τοῦτο
2984 3968 3109 4048 ἐρῶ,
3155 3970 3236 4027 ὅτι
3278 3960 3387 4028 τῶν
3416 3960 3854 4053 ἄλλωννεῦαγγε-

488 4053 862 4132 evangelistae
913 4052 1012 4114 alii
1057 4051 1403 4113 inferiorem
1468 4050 1828 4141 nativitatem
1873 4047 2136 4121 Domini,

2228 4054 2419 4113 λιστῶν
2474 4056 2571 4125 τὴν
2646 4058 2795 4114 κάτω
2823 4047 3072 4135 γέννησιν
3112 4067 3207 4116 τοῦ
3252 4064 3459 4141 Κυρίου,
3511 4062 3610 4130 τὴν
3638 4047 3855 4141 ἀνατρο-

488 4141 903 4204 educationem
956 4153 1015 4203 et
1067 4141 1505 4203 incrementum
1554 4140 1665 4202 late
1698 4144 2037 4210 narrarunt,
2070 4154 2142 4229 ea

2228 4146 2355 4223 φὴν,
2413 4146 2512 4214 τὴν
2543 4145 2758 4213 αὔξησιν
2789 4145 3032 4214 πλατέως
3076 4140 3528 4229 ἀφηγησρμένων,
3562 4154 3715 4217 οὗτος
3769 4140 3855 4225 μὲν

484 4229 745 4292 Joannes
758 4229 1495 4311 transcurratquidem,uti
1508 4228 1699 4291 satisa
1720 4225 2145 4307 condiscipulis

2228 4233 2406 4291 ἐκεῖνα
2473 4235 2822 4315 παρατρέχει,
2883 4237 2958 4299 ὡς
2990 4225 3262 4318 αὐτάρκως
3301 4225 3436 4304 ’τοῖς
3493 4245 3854 4317 συμμαθηταῐς

486 4319 607 4381 suis
635 4319 813 4394 dicta,
848 4320 923 4381 de
953 4320 1175 4381 deitate
1205 4327 1405 4381 autem
1453 4318 1582 4399 ejus
1613 4318 1712 4398 qui
1747 4325 1992 4406 propter
2037 4332 2145 4377 nos

2228 4323 2382 4381 16106
2436 4323 2683 4403 ῥηθέντα,
2742 4326 2860 4404 περὶ
2933 4325 2987 4381 δὲ
3056 4331 3153 4395 τῆς
3210 4328 3460 4395 θεότητος
3482 4340 3575 4388 τοῦ
3627 4328 3696 4386 δι’
3728 4334 3856 4406 ἡμᾶς

484 4409 660 4470 homo
702 4409 895 4471 factus
939 4418 1051 4485 est,
1104 4407 1399 4470 disserat:
1430 4406 1665 4497 tametsi
1723 4407 1771 4466 si
1824 4405 2144 4497 diligenter

2228 4410 2723 4488 ἐνανθρωπήσαντος
2780 4409 3101 4490 διαλέγεται’
3161 4417 3333 4473 καίτοι
3365 4418 3409 4473 εἰ
3438 4414 3664 4497 ἀκριϐῶς
3733 4423 3852 4475 θεω-

483 4497 975 4572 consideraveris,
1012 4515 1205 4578 neque
1228 4497 1316 4558 illi
1339 4497 1414 4557 de
1443 4496 1666 4558 deitate
1700 4494 1998 4585 Unigeniti
2044 4494 2139 4560 di.-

2228 4499 2424 4577 ρήσεις,
2486 4498 2603 4556 οὕτε
2664 4498 2860 4557 ἐκεῖνοι
2916 4504 2978 4558 τὸ
3034 4504 3151 4582 περὶ
3203 4505 3301 4571 τῆς
3385 4508 3479 4562 106
3508 4494 3853 4585 Vﬂovoyevozk

483 4604 623 4648 cere
672 4587 1085 4663 neglexerunt,
1129 4586 1233 4647 sed
1268 4585 1400 4664 ejus
1430 4585 1793 4646 mentionem
1844 4584 2138 4663 fecerunt,

2228 4587 2474 4654 θεότητος
2504 4674 2507 4675 ν
2534 4588 2705 4645 εἰπεῖν
2759 4590 3097 4669 παρώσαντο,
3154 4590 3275 4650 ἀλλ’
3344 4584 3774 4675 ἰπεμνήσθησαν,
3818 4595 3855 4650 εἰ

482 4675 760 4755 quamvis
806 4693 924 4735 non
961 4674 1215 4763 diii'use:
1253 4691 1446 4763 neque
1504 4672 1740 4763 isteiila
1790 4671 2144 4763 sublimitati

2228 4677 2309 4732 καὶ
2342 4677 2418 4751 μὴ
2459 4674 2725 4763 πλατέως,
2761 4677 2877 4735 οὔτε
2907 4678 3060 4744 οὗτος
3103 4682 3235 4755 πρὸς
3278 4684 3369 4740 τὸν
3409 4682 3743 4763 ὑψηλότερον
3762 4671 3853 4740 ’λό-

479 4762 648 4823 verbi
677 4764 941 4824 intentus
974 4762 1105 4837 fuit,
1131 4771 1194 4824 ut
1224 4761 1467 4849 omnino
1491 4761 1877 4841 posthaberet
1905 4761 2145 4849 dispen-

2228 4787 2322 4843 γον
2377 4762 2710 4841 ἀποϐλέψας,
2768 4766 3009 4841 ἡμέληοε
3077 4771 3251 4839 πάντη
3334 4777 3432 4840 τῆς
3485 4761 3743 4849 ἐνσάρκου
3785 4774 3856 4831 0i-

482 4851 775 4912 sationem
809 4850 938 4930 ejus
958 4850 1019 4911 in
1051 4868 1251 4911 carne.
1293 4848 1455 4913 Unus
1508 4850 1665 4910 enim
1722 4858 1850 4910 erat
1903 4848 2146 4929 spiritus

2232 4856 2508 4930 κονομίας⁶
2555 4852 2609 4909 ἕν
2638 4856 2738 4934 γὰρ
2766 4856 2831 4924 ἦν
2862 4860 3074 4933 Πνεῦμα
3100 4861 3162 4915 τὸ
3191 4868 3366 4919 κινοῦν
3406 4862 3501 4926 τὰς
3537 4848 3641 4918 τῶν
3696 4865 3857 4923 ἁπάν-

482 4944 583 5025 qui
612 4942 886 5006 movebat
918 4941 1186 5004 omnium
1207 4940 1676 5022 animas.ltaque
1702 4941 1875 5030 nobis
1896 4941 1969 5002 de
1995 4941 2143 5004 Filio

2237 4966 2343 5000 των
2400 4944 2601 5023 ψυχάς.
2640 4943 2949 5024 Διαλέγεται
2994 4949 3081 5006 οὖν
3108 4950 3248 5025 ἡμῖν
3275 4952 3390 5028 περὶ
3416 4958 3511 5009 τοῦ
3536 4952 3680 5013 Υἰοῦ.
3715 4956 3747 5010 6

479 5032 746 5095 disserit.
788 5031 1023 5093 Etenim
1054 5033 1227 5094 Pater
1273 5031 1445 5093 nobis
1476 5048 1545 5120 ex
1571 5029 1781 5120 veteri
1810 5029 1942 5107 lege
1968 5039 2144 5092 notus

2228 5033 2405 5112 Πατὴρ
2463 5031 2565 5101 ἤδη
2636 5034 2743 5090 ἀπὸ
2798 5040 2896 5105 τῆς
2952 5036 3189 5103 Παλαιᾶς
3244 5041 3510 5120 γνώριμος
3562 5046 3653 5108 ἦν.
3692 5043 3853 5101 Καίτοι

480 5128 606 5183 erat
638 5138 652 5184 :
688 5123 927 5182 tametsi
983 5138 1093 5181 nec
1149 5120 1225 5181 de
1255 5123 1428 5209 Patre
1461 5118 1739 5209 obticeat,
1767 5120 1872 5180 sed
1918 5126 1978 5179 et
2004 5120 2143 5209 ejus

2228 5120 2341 5180 οὐδὲ
2398 5124 2486 5178 τὸν
2564 5123 2770 5202 Πατέρα
2801 5124 3203 5194 ἀπεσιώπησεν,
3252 5118 3389 5186 ἀλλᾶ
3418 5132 3505 5187 καὶ
3538 5132 3656 5209 περὶ
3690 5134 3853 5188 τούτου

481 5210 753 5273 meminit
780 5211 855 5273 de
878 5209 1027 5271 Filio
1054 5206 1610 5289 loquens.Ostendit
1626 5209 1803 5288 igitur
1825 5207 2141 5287 sempiter-

2228 5211 2516 5292 μέμνηται,
2574 5214 2662 5269 καὶ
2718 5216 2835 5290 περὶ
2887 5221 2981 5270 106
3047 5217 3169 5272 Υἱοῦ
3211 5214 3378 5295 λέγει,
3417 5206 3655 5275 Δείκνυσι
3704 5222 3849 5277 τοίνυν

479 5301 729 5363 nitatem
787 5298 1107 5377 Unigeniti,
1142 5297 1446 5387 dicendo:
1492 5323 1519 5354 α
1565 5300 1628 5361 lu
1673 5296 1965 5387 principio
2010 5308 2141 5387 erat

2228 5305 2287 5357 τὸ
2343 5299 2515 5358 ἀίδιον
2584 5309 2676 5358 τοῦ
2745 5309 3073 5382 Μονογενοῦς
3104 5303 3161 5361 ἐν
3191 5313 3269 5381 τῷ
3296 5306 3495 5385 λέγειν’
3537 5331 3566 5362 α
3605 5296 3698 5365 Ἐν
3732 5309 3844 5387 ἀρχὶ

478 5387 771 5465 Verbum,
806 5414 833 5446 ι
871 5390 982 5450 hoc
1009 5396 1118 5467 est,
1152 5405 1187 5449 a
1215 5386 1515 5468 principio
1547 5397 1694 5451 erat.
1726 5386 1893 5459 Quod
1920 5386 2082 5448 enim
2106 5406 2140 5448 a

2228 5392 2288 5458 ἦν
2338 5391 2366 5445 6
2438 5391 2634 5470 Λόγος,
2673 5412 2701 5443 ι
2738 5391 3031 5474 τουτέστιν,
3061 5392 3154 5450 ἀπ’
3186 5394 3363 5474 ἀρχῆς
3421 5395 3511 5463 ἦν.
3547 5398 3620 5456 T6
3651 5386 3841 5477 γὰρᾶξ

564 5524 632 5602 δέ
663 5549 870 5614 Matth.
898 5569 959 5625 ν,
983 5550 1043 5611 8.

560 5688 647 5763 (ιιι
685 5684 838 5746 Edit.
878 5684 1008 5745 Lut.
1042 5702 1159 5743 non
1198 5684 1396 5755 habet,
1431 5681 1710 5744 Solamen
1741 5693 1985 5746 natura.
