4140 6280
308 405 458 471 H37

1014 400 1456 481 ENARRATIO
1500 408 1581 471 IN
1626 398 2133 470 EVANGELIUM
2176 400 2518 465 JOANNIS.
2565 432 2644 445 --
2683 402 2849 464 GAP.
2900 402 2947 463 Ι.

3517 398 3668 465 1138

306 538 482 617 ἀρχῆς
541 536 622 617 όν,
670 538 728 593 οὐ
760 540 838 611 μὴ
868 538 1050 614 εὑρεθῆ
1092 537 1300 602 πάντως
1329 536 1547 617 χρόνος,
1595 535 1683 593 ὅτε
1715 535 1809 592 οὒκ
1853 534 1943 601 ἦν.

2045 528 2332 613 principio
2355 535 2608 612 est,ejus
2624 534 2866 595 omnino
2889 531 3115 597 nullum
3130 541 3364 614 tempus
3388 533 3695 596 inventum

311 628 407 684 Καὶ
464 626 644 705 πόθεν,
709 628 859 707 φησὶ,
932 625 1091 694 δῆλον
1149 625 1227 682 ὅτι
1283 629 1368 700 τὸ,
1406 650 1433 681 ιι
1485 623 1574 683 Ἐν
1606 625 1752 705 ἀρχῇ
1779 623 1870 697 ἧν,
1918 645 1943 677 ι»

305 715 493 772 ταυτὸν
552 715 799 788 σημαίνει
854 715 954 793 τῷ,
985 714 1078 771 ἀπ’
1108 714 1283 794 ἀρχῆς
1318 733 1335 793 ;
1370 714 1573 793 Πόθεν,
1611 714 1707 771 Καὶ
1737 711 1829 767 ἀπ’
1864 713 1953 766 αὖ·

2033 621 2272 701 quando
2303 640 2420 683 non
2444 623 2675 684 erat.Et
2695 621 2855 683 unde
2878 620 3092 683 dixerit
3113 622 3269 703 quis,
3302 621 3671 684 Manifestum

2032 711 2191 791 quod
2215 710 2275 771 in
2309 710 2599 791 principio
2622 710 2781 772 idem
2814 710 2889 771 sit
2919 712 3070 788 quod
3097 729 3131 772 a
3161 710 3698 792 principiomude?

309 802 407 868 τῆς
463 802 559 876 μὲν
617 808 718 870 τῆς
786 808 972 870 κοινῆς
998 801 1345 881 ὑπολήψεως,
1373 802 1604 876 μάλιστα
1633 799 1687 856 δὲ
1718 798 1809 856 ἀπ’
1853 799 1951 855 αὒ-

2045 798 2111 860 Ex
2153 798 2283 879 ipsa
2324 799 2563 880 quidem
2617 800 2917 861 communi
2965 800 3379 881 conceptione,
3431 800 3683 862 maxime

310 901 401 949 τοῦ
453 891 638 949 τούτου
691 898 782 949 τοῦ
831 891 1226 971 εὒαγγελιστοῦ.
1301 894 1441 959 Φησὶ
1497 892 1596 969 γὰρ
1640 890 1693 945 ἐν
1723 896 1820 965 μιᾷ
1849 895 1954 945 τῶν

316 980 468 1036 αὑτοῦ
537 979 853 1050 ἐπιστολῶνο
906 1005 928 1032 ι
988 974 1071 1039 ”¹Ο
1097 981 1161 1048 ἧν
1194 980 1288 1038 ἀπ’
1317 979 1494 1060 ἀρχῆς
1540 977 1685 1058 (12),
1719 980 1747 1034 ὃ
1781 978 1954 1056 ἑωρά-

314 1089 503 1142 Ααμεν.
568 1089 596 1128 ε
672 1061 825 1148 Ὀρᾷς
884 1073 971 1126 οῦν
1000 1077 1114 1134 πῶς
1150 1071 1305 1133 αῦτὸς
1338 1070 1519 1126 ἑαυτὸν
1550 1071 1577 1125 6
1607 1066 1953 1145 ἡγαπημὲνος

316 1156 633 1238 ἐρμηνεόείς
707 1159 827 1232 Ναὶ,
876 1162 1055 1237 φησὶν,
1116 1157 1234 1214 ἀλλ’
1291 1158 1399 1234 ἐγὼ
1427 1159 1512 1229 τὸ,
1570 1180 1597 1212 α
1632 1156 1686 1213 ἑο
1715 1156 1882 1237 ἀρχῇ,
1921 1178 1949 1210 ι

312 1244 451 1302 οὕτω
529 1252 653 1317 νοῶ,
714 1246 893 1325 ὥσπερ
962 1242 1049 1303 καὶ
1106 1247 1249 1325 παρὰ
1274 1253 1350 1321 τῷ
1380 1246 1592 1302 Μωσεῖ·
1633 1267 1656 1302 α
1687 1244 1778 1302 Ἐν
1808 1245 1955 1323 ἀρχῇ

314 1332 561 1402 ἐποίησεν
616 1338 644 1392 6
702 1335 856 1400 Θεός.
921 1359 945 1393 ι
1009 1326 1226 1413 ιὨιι-περ
1255 1336 1355 1414 γὰρ
1376 1334 1491 1391 ἐκεῖ
1522 1337 1625 1413 οἰχ
1656 1336 1728 1399 ὡς
1784 1331 1956 1392 ἀϊδίου

316 1420 463 1487 ὄντος
532 1431 621 1481 τοῦ
677 1424 894 1503 οὐρανοῦ
946 1425 1029 1504 τὸ,
1070 1447 1094 1479 ι
1130 1424 1184 1480 ὲν
1228 1424 1396 1504 ἀρχῇ,
1443 1447 1466 1480 ι
1502 1436 1727 1495 νοεῖται,
1788 1421 1954 1485 οὕτως

316 1509 421 1567 οὔδ’
479 1511 696 1569 ἐνταῦθα
750 1514 835 1586 τὸ,
914 1536 941 1567 α
970 1513 1025 1569 ἐν
1055 1514 1221 1593 ἀρχῇ,
1260 1536 1289 1570 ι
1325 1514 1524 1587 νοήσω,
1558 1514 1630 1578 ὡς
1660 1509 1832 1593 ἀϊδίου
1861 1510 1955 1567 ὄν-

318 1622 407 1665 τος
463 1611 556 1657 του
607 1608 952 1679 Μονογενοᾱ.
1023 1591 1325 1677 Ταῦταήμὲν
1356 1603 1385 1658 6
1428 1602 1706 1677 αἱρετικός.
1765 1591 1955 1675 Ἠμεϊς

316 1686 370 1744 δὲ
422 1690 554 1767 πρὸς
609 1691 805 1756 ταύτην
861 1690 958 1757 τὴν
1012 1689 1237 1755 ἀνόητον
1306 1689 1547 1746 ἔνστασιν
1596 1686 1740 1744 οῦδὲν
1783 1688 1955 1766 ἕτερον

2035 896 2229 950 autem
2281 886 2354 949 ab
2401 889 2514 950 hoc
2562 890 2690 969 ipso
2735 887 3119 967 evangelista.
3172 890 3372 970 Inquit
3425 890 3581 951 enim
3630 888 3691 949 in

2036 995 2155 1038 una
2180 995 2417 1039 suarum
2451 976 2838 1056 epistolarum
2873 999 2886 1035 :
2927 1002 2950 1031 «ι
2986 976 3157 1050 Quod
3206 986 3332 1039 erat
3374 976 3448 1039 ab
3496 978 3686 1052 initio,

2035 1065 2190 1147 quod
2224 1066 2480 1126 vidimus
2514 1065 2600 1128 59.
2640 1090 2661 1120 ι
2703 1064 2883 1126 Vides
2909 1064 3088 1143 igitur
3118 1066 3274 1146 quod
3304 1065 3407 1127 ille
3437 1064 3692 1128 dilectus

2036 1153 2270 1216 Domini
2302 1152 2564 1232 seipsum
2590 1154 3037 1232 interpretetur?
3072 1153 3288 1230 Etiam,
3313 1152 3523 1234 inquit.
3574 1153 3692 1217 Sed

2035 1259 2143 1320 ego
2170 1240 2392 1315 istud,«
2430 1241 2489 1301 in
2526 1240 2983 1320 principio,nsic
3013 1239 3694 1320 intelligo,quemadmo-

2036 1329 2177 1390 dum
2226 1335 2284 1390 et
2326 1346 2361 1390 a
2403 1330 2568 1391 Mose
2616 1328 2842 1390 dictum
2895 1336 3005 1403 est,
3057 1353 3083 1384 α
3119 1328 3185 1390 In
3232 1328 3524 1409 principio
3555 1328 3701 1392 fecit

2039 1416 2194 1479 Deus
2221 1417 2304 1476 ϐο.
2344 1441 2364 1472 ο
2410 1416 2578 1479 Sicut
2601 1417 2762 1479 enim
2794 1415 2915 1479 illic
2944 1417 3131 1493 istud,
3157 1418 3217 1478 in
3252 1417 3700 1499 principio,non

2038 1505 2390 1585 intelligitur
2419 1506 2589 1587 quasi
2646 1505 2857 1567 coelum
2895 1506 3078 1567 fuerit
3121 1507 3580 1587 sempiternum,
3609 1507 3697 1569 sic

2042 1613 2233 1674 neque
2256 1595 2369 1656 hoc
2395 1594 2527 1656 loco
2574 1594 2732 1676 quod
2789 1595 3195 1675 sempiternus
3224 1596 3301 1656 sit
3332 1596 3694 1674 unigenitus.

2040 1682 2177 1745 Haec
2200 1683 2441 1765 quidem
2468 1683 2940 1746 hzereticus.Nos
2964 1692 3162 1755 autem
3184 1683 3257 1746 ad
3283 1684 3437 1746 hanc
3459 1684 3693 1747 stultam

317 1777 557 1853 ἐροῦμεν,
625 1774 745 1834 ἀλλ’
801 1777 837 1845 ἢ
892 1788 1067 1837 τοῦτο·
1102 1767 1166 1834 Ὠ
1197 1778 1419 1858 σοφιστὰ
1447 1780 1543 1844 τῆς
1576 1778 1785 1849 κακίας,
1840 1776 1955 1840 πῶς

2045 1773 2375 1834 instantiam
2401 1772 2547 1833 nihil
2573 1772 2733 1833 aliud
2783 1772 3058 1849 dicimus,
3105 1792 3280 1855 quam
3323 1773 3436 1835 hoc
3471 1795 3485 1837 :
3520 1773 3566 1837 0
3598 1793 3698 1836 so-

318 1868 377 1923 τὸ
447 1865 566 1933 ἑξῆς
621 1867 1043 1944 ὑπεκράτησας;
1103 1865 1252 1924 Ἀλλ’
1308 1868 1473 1941 ἡμεῖς
1525 1872 1678 1922 τοῦτο
1709 1864 1953 1945 ἐροῦμεν,

318 1953 413 2011 κὸἱν
473 1956 534 2011 σὺ
581 1954 657 2031 μιὶ
713 1954 892 2032 θέλῃς.
955 1954 1104 2013 Ἐκεῖ
1162 1958 1259 2030 μὲν
1328 1957 1427 2034 γὰρ
1471 1958 1497 2011 6
1533 1960 1727 2022 Μωσῆς
1770 1971 1951 2036 φησιν·

325 2066 352 2097 α
412 2041 500 2100 Ἐν
571 2043 719 2123 ἀρχῇ
775 2043 1024 2111 ἐποίησεν
1092 2046 1120 2100 ὸ
1174 2052 1302 2108 Θεος
1345 2046 1438 2100 τὸν
1466 2043 1683 2121 οὖρανὸν
1715 2045 1803 2100 καὶ
1856 2044 1957 2112 τὴν

321 2138 442 2207 γῆν·
499 2156 526 2186 ι
589 2132 804 2189 ἐνταῦθα
861 2130 938 2212 δὲ,
998 2157 1025 2187 α
1061 2130 1148 2190 Ἐν
1192 2133 1338 2212 ἀρχῇ
1382 2132 1449 2199 ἧν
1483 2134 1510 2188 6
1557 2131 1744 2210 Δόγος,
1784 2156 1811 2186 ι
1866 2131 1954 2195 Τίς

318 2221 405 2276 οὖν
436 2220 681 2276 κοινωνία
721 2227 799 2295 τῷ
835 2245 859 2277 α
896 2220 1133 2301 ἐποίησε,
1169 2242 1196 2280 ι
1232 2224 1362 2299 πρὸς
1392 2222 1453 2276 τὸ
1487 2243 1511 2274 ιι
1547 2221 1611 2288 ἦν
1645 2239 1661 2300 ς
1696 2244 1723 2273 ι
1774 2222 1829 2276 Εἰ
1859 2221 1955 2295 μὲν

320 2310 418 2386 γὰρ
476 2308 768 2387 ἐγέγραπτο
824 2310 911 2366 καὶ
976 2309 1213 2367 ἐνταῦθα·
1281 2309 1371 2366 Ἐν
1418 2310 1564 2388 ἀρχῇ
1623 2307 1870 2377 ἐποίησεν
1927 2312 1954 2366 6

323 2399 450 2459 Θεὸς
520 2400 610 2454 τὸν
644 2400 782 2472 Υἱὸν,
817 2398 1038 2477 ἐσίγησα
1070 2398 1152 2454 ἄν’
1187 2405 1273 2455 νῦν
1302 2397 1378 2477 δὲ,
1417 2420 1444 2453 σ
1480 2396 1567 2455 Ἐν
1610 2397 1756 2478 ἀρχῇ
1801 2398 1887 2465 ἦν·
1924 2421 1948 2456 υ

322 2485 374 2551 ἐξ
426 2486 486 2544 οὗ
546 2493 649 2542 νοῶ
704 2489 765 2543 τὸ
796 2486 978 2552 ἀϊδίως
1009 2488 1149 2544 εἶναι
1194 2489 1283 2544 τὸν
1314 2487 1502 2565 Λόγον,
1539 2484 1674 2542 ἀλλὰ
1702 2487 1779 2560 μὴ
1807 2484 1965 2542 ὕστε-

2041 1861 2232 1941 phista
2263 1860 2521 1940 malitiae,
2574 1860 2869 1942 quomodo
2911 1861 3071 1943 quod
3104 1862 3374 1943 sequitur
3402 1861 3695 1925 subticui-

2038 1948 2223 2011 sti?At
2247 1947 2567 2029 nos,etiam
2605 1949 2719 2010 hoc
2747 1954 2806 2009 te
2828 1949 3546 2029 nolente,dicemus.Nam
3570 1951 3696 2017 illic

2038 2035 2279 2118 quidem
2301 2038 2497 2100 Moses
2523 2036 2691 2116 dicit,
2707 2035 2803 2098 «In
2829 2036 3125 2119 principio
3149 2037 3459 2101 fecitDeus
3478 2040 3693 2103 cmlum

2039 2135 2097 2186 et
2126 2133 2347 2187 terram
2384 2143 2398 2186 ε
2440 2151 2467 2182 ι
2498 2126 2610 2187 hoc
2640 2133 2842 2188 autem
2874 2125 3027 2207 loco,
3068 2151 3092 2183 ι
3124 2128 3190 2189 In
3243 2126 3537 2207 principio
3571 2137 3696 2191 erat

2042 2212 2520 2287 VerbumaQuaa
2545 2213 2723 2293 igitur
2740 2214 3081 2276 communio
3108 2214 3546 2293 verbi,fecit,ad
3568 2234 3691 2281 vero

2039 2300 2200 2376 bum,
2232 2301 2679 2383 erat’Equidem
2712 2302 3088 2381 siluissem,si
3116 2304 3228 2365 hoc
3249 2304 3379 2365 loco
3409 2306 3695 2386 scriptum

2038 2389 2345 2467 fuisset,In
2379 2391 2673 2471 principio
2702 2392 2845 2454 fecit
2872 2391 3030 2454 Deus
3058 2392 3303 2465 Filium;
3318 2411 3474 2455 nunc
3494 2402 3695 2456 autem

2043 2480 2259 2561 inquit,
2298 2504 2319 2537 α
2356 2479 2422 2543 In
2456 2481 2753 2562 principio
2776 2486 3057 2546 erat.nEx
3088 2501 3206 2563 quo
3238 2482 3508 2561 intelligo
3530 2501 3695 2545 sem-

323 2594 432 2649 ρον,
505 2576 677 2638 καθὼς
729 2576 882 2649 ὑμεῖς
943 2574 1246 2654 φλυαρεϊτε.
1323 2576 1471 2637 Τίνος
1541 2573 1595 2631 δὲ
1639 2576 1812 2632 ἓνεκεν
1871 2574 1958 2632 οὒκ

2045 2569 2340 2651 piternum
2372 2570 2551 2631 fuisse
2584 2572 2858 2645 verbum,
2885 2580 2944 2632 et
2979 2591 3097 2634 non
3140 2572 3435 2653 posterius
3484 2572 3695 2635 condi-

322 2667 496 2743 εἶπεν·
535 2659 623 2719 Ἐν
654 2663 798 2743 ἆρχῂ
826 2663 891 2731 ἦν
922 2666 950 2719 6
986 2665 1128 2739 ι’ίὸς,
1162 2662 1307 2743 ἀλλ’,
1339 2684 1364 2720 I
1412 2666 1439 2719 6
1485 2667 1681 2742 Λόγος,
1719 2686 1745 2717 ι
1781 2661 1958 2730 ἄκουε,

2048 2668 2190 2733 tum,
2225 2661 2377 2721 sicut
2407 2679 2507 2721 vos
2532 2661 2856 2738 uugamini.
2893 2660 3085 2733 Quare
3137 2669 3335 2722 autem
3368 2681 3486 2723 non
3526 2661 3693 2743 dixit,

327 2734 455 2808 ἐΟτι
487 2749 569 2809 διὰ
873 2734 1171 2810 ἀκουόντων
1198 2734 1487 2827 ἀσθένειαν,
1520 2734 1614 2808 ἵνά
1661 2754 1739 2827 μὴ
1797 2752 1958 2809 ἀκού-

2053 2771 2075 2805 α
2112 2747 2177 2809 In
2202 2748 2494 2829 principio
2525 2734 2649 2811 erat
2679 2774 2706 2806 ι
2736 2748 2939 2822 Filius,
2964 2751 3129 2824 sed,c
3164 2750 3485 2811 Verbum‘h
3515 2734 3694 2832 Audi,

326 2862 508 2905 σαντες
552 2842 696 2905 εὐθὺς
762 2840 814 2906 ἐξ
870 2841 1046 2921 ἀρχῆς
1094 2843 1227 2920 υἱὸν,
1272 2843 1550 2916 νοήσωμεν
1580 2841 1823 2918 γέννησιν
1852 2844 1958 2915 ἒμ-

2047 2844 2288 2916 propter
2316 2837 2658 2899 auditorum
2694 2837 3119 2923 infirmitatem,
3154 2856 3230 2899 ne
3259 2838 3459 2900 audito
3493 2838 3688 2899 statim

325 2933 465 2997 παιθῆ
526 2931 614 2986 καὶ
668 2930 1002 3009 σωματικὴν,
1062 2930 1242 2986 τούτου
1306 2929 1480 2986 ἕνεκεν
1554 2929 1723 3007 Λόγον
1810 2931 1958 2987 αὐτὸν

2045 2924 2116 2985 ab
2141 2925 2306 2985 initio
2325 2925 2465 2985 506
2488 2926 2618 2986 Filii
2636 2925 3301 3005 nomine,cogitaremus
3331 2925 3691 2995 nativitatem

324 3017 587 3075 ἐκάλεσεν·
651 3018 741 3073 ἵνα
812 3019 872 3074 σὺ
929 3019 1101 3095 μάθῃς
1153 3020 1234 3074 ὃτι
1265 3017 1443 3098 ὥσπερ
1473 3021 1499 3073 6
1531 3017 1689 3095 λόγος
1720 3025 1958 3096 γεννᾶται

2045 3013 2433 3094 corporalem,
2463 3023 2520 3076 et
2575 3014 2648 3075 ab
2707 3014 3125 3076 affectionibus
3181 3014 3687 3094 proﬁciscentem.

326 3105 384 3160 ἐκ
439 3114 529 3162 τοῦ
602 3108 721 3169 νοὸς
781 3105 1019 3179 ἆπαῦὦς,
1071 3105 1209 3163 οὕτω
1278 3107 1364 3163 καί
1422 3105 1571 3170 οὗτος
1622 3105 1876 3184 ἐγεννήθη
1909 3105 1958 3162 ἐκ

2045 3103 2115 3166 Ει
2138 3102 2265 3182 ejus
2292 3102 2476 3182 gratia
2505 3105 2695 3184 ipsum
2735 3104 2953 3164 vocavit
2984 3102 3267 3178 Verbum,
3321 3122 3436 3183 quo
3469 3103 3691 3183 discas,

325 3201 414 3250 τοῦ
464 3196 663 3272 [ἰατρὸς
734 3194 971 3258 ἀπαθῶς·
1032 3195 1119 3250 καὶ
1150 3191 1323 3257 ἄλλως
1352 3192 1406 3250 δὲ
1437 3195 1591 3253 αὐτὸν
1637 3194 1804 3271 Λόγον
1833 3194 1958 3256 ἐκά-

2050 3191 2208 3273 quod
2238 3193 2389 3253 sicut
2410 3192 2653 3254 verbum
2685 3190 2944 3271 gignitur
2974 3210 3043 3253 ex
3081 3199 3279 3254 mente
3322 3192 3451 3253 sine
3474 3192 3696 3273 passio-

324 3280 497 3361 λεσεν,
531 3281 713 3349 ἐπειδὴ
739 3284 802 3339 τὰ
832 3285 924 3338 τοῦ
969 3284 1171 3360 [ἰατρὸς
1213 3284 1350 3357 ἡμῖν
1378 3281 1728 3361 ἀπήγγειλεν,
1788 3282 1958 3363 ὥσπερ

2049 3281 2235 3356 ne,ita
2264 3290 2323 3343 et
2350 3280 2445 3342 hic
2467 3300 2501 3343 a
2533 3284 2703 3342 Patre
2734 3288 2906 3341 natus
2935 3290 3024 3342 est
3051 3280 3276 3362 absque
3300 3282 3418 3342 ulla
3433 3280 3695 3343 affectio-

324 3374 408 3428 καὶ
464 3379 565 3436 πᾶς
624 3373 783 3449 λόγος
832 3374 897 3428 τὰ
955 3371 1045 3429 τοῦ
1097 3374 1215 3435 νοὸς
1247 3371 1575 3450 ἀπαγγέλλει
1604 3371 1965 3454 βουλεύματα,

332 3463 440 3540 αμα
510 3460 564 3516 δὲ
620 3464 707 3518 καὶ
737 3461 825 3518 ἵνα
857 3460 993 3538 δείξῃ
1027 3462 1179 3519 αὐτὸν
1211 3459 1475 3518 συναῒδιον
1503 3468 1579 3536 τῷ
1611 3463 1772 3540 Πατρὶ
1816 3460 1963 3526 ὄντα,

326 3534 542 3626 ’Ὠσπερ
597 3554 695 3630 γὰρ
754 3553 847 3608 οὒκ
893 3550 1034 3607 ἔστιν
1085 3552 1259 3607 εἰπεῖν
1318 3557 1437 3606 νοῦν
1476 3550 1599 3606 ὄντα
1627 3550 1755 3607 ποτέ
1796 3552 1965 3631 χωρὶς

324 3640 507 3720 λόγου,
552 3640 718 3706 οὕτως
749 3638 862 3699 οὸδὲ
902 3642 992 3697 τὸν
1026 3639 1228 3715 Πατέρα
1256 3641 1344 3696 καὶ
1375 3639 1465 3696 τόν
1497 3640 1623 3696 Θεὸν
1654 3641 1821 3720 χωρὶς
1873 3648 1966 3697 τοῦ

328 3719 462 3789 Υἱοῦ.
526 3731 673 3786 Μετὰ
727 3737 817 3786 τοῦ
874 3727 1058 3808 ἄρθρου
1126 3725 1181 3784 δὲ
1241 3729 1420 3784 εἶπεν·
1486 3719 1542 3786 Ὀ
1610 3719 1801 3806 Λόγος.
1854 3730 1966 3786 Εἰσὶ

326 3821 423 3895 γάρ
480 3820 566 3874 καὶ
610 3816 761 3874 ἄλλοι
791 3816 977 3873 πολλοὶ
1008 3815 1158 3895 λόγοι
1188 3822 1278 3872 τοῦ
1309 3823 1463 3894 Θεοῦ,
1497 3820 1612 3873 οἷον
1655 3814 1744 3896 δὴ,
1801 3819 1959 3896 φημὶ,

326 3909 374 3961 αἱ
436 3906 781 3985 προφητεῖαι,
843 3906 928 3962 καὶ
984 3906 1049 3961 τὰ
1105 3904 1510 3984 προστάγματα·
1568 3907 1696 3963 καθὸ
1746 3904 1959 3979 εἴρηται

325 3997 439 4074 περὶ
496 4003 601 4051 τῶν
655 3994 921 4073 ἀγγέλων,
994 3993 1071 4050 ὅτι
1160 3991 1365 4051 δυνατοὶ
1460 3996 1611 4074 ἰσχύϊ
1689 4004 1960 4060 ποιοῦντες

323 4087 411 4141 τὸν
470 4083 627 4161 λόγον
686 4086 863 4158 αὐτοῦ,
937 4083 1195 4162 τουτέστι,
1231 4084 1295 4138 τὰ
1353 4086 1732 4162 προστάγματι
1778 4084 1954 4142 τὸτοῦ·

322 4172 440 4230 ἀλλ’
473 4177 499 4231 6
532 4173 718 4252 κυρίως
752 4172 914 4249 Λόγος
973 4173 1119 4230 οὖσία
1162 4192 1238 4234 τις
1290 4170 1428 4228 ἔστὶν
1468 4172 1838 4237 ἐνυπόστπιτος,

410 4465 436 4494 α
482 4441 577 4498 Καὶ
634 4442 661 4494 ὁ
728 4438 895 4515 Λόγος
950 4436 1015 4504 ἧν
1060 4439 1189 4515 πρὸς
1220 4438 1307 4493 τὸν
1338 4446 1489 4496 Θεον.
1531 4456 1556 4495 ο
1593 4438 1697 4500 Καὶ
1750 4437 1962 4495 ἐνταῦθα

325 4529 639 4614 σαφέστερον
721 4526 943 4583 δείκνυσι
992 4523 1259 4582 συνα’ίδιον
1318 4528 1409 4583 τὸν
1469 4527 1588 4582 Υἱὸν
1657 4531 1736 4599 τῷ
1776 4527 1957 4605 Πατρί.

1988 4574 2030 4624 D

2052 3370 2265 3431 ne.Vel
2283 3370 2452 3431 aliter
2480 3391 2493 3433 :
2530 3368 2723 3449 ipsum
2751 3369 3067 3449 appellavit
3094 3368 3382 3453 Verbum,
3411 3370 3550 3452 quia
3580 3389 3693 3431 no-

2052 3459 2139 3520 bis
2167 3477 2298 3539 quaa
2347 3466 2484 3520 sunt
2513 3457 2705 3520 Patris
2749 3458 3138 3540 annuntiavit,
3190 3458 3694 3540 quemadmodum

2052 3566 2229 3610 omne
2261 3548 2505 3609 verbum
2541 3546 2754 3609 mentis
2783 3546 3108 3609 voluntates
3161 3548 3491 3622 annuntiat,
3525 3550 3692 3608 insu-

2048 3656 2154 3717 per
2179 3644 2242 3697 ut
2272 3636 2544 3699 ostendat
2573 3645 2935 3704 coaeternum
2969 3655 3101 3699 esse
3134 3637 3288 3700 Patri
3324 3637 3557 3699 Filium.
3599 3634 3697 3699 Si-

2047 3725 2321 3787 cutenim
2347 3724 2463 3787 dici
2499 3726 2704 3806 nequit
2732 3740 2995 3787 mentem
3020 3725 3340 3806 aliquando
3390 3743 3523 3788 esse
3554 3724 3693 3786 abs-

2047 3834 2161 3895 que
2194 3814 2395 3896 verbo,
2429 3814 2506 3875 ita
2539 3833 2729 3896 neque
2764 3813 2993 3876 Patrem
3026 3822 3085 3876 et
3118 3817 3306 3878 Deum
3337 3814 3562 3895 absque
3589 3813 3692 3875 Fi-

2046 3902 2387 3966 lio.Dictum
2419 3912 2509 3966 est
2529 3916 2725 3966 autem
2756 3923 2892 3967 cum
2934 3904 3206 3985 articulo,
3238 3903 3383 3966 illud
3406 3902 3691 3967 Verbum.

2044 3996 2197 4056 Sunt
2226 3992 2384 4054 enim
2425 3993 2539 4054 alia
2570 3993 2755 4054 multa
2781 3992 2889 4054 Dei
2953 3993 3151 4069 verba,
3192 4002 3254 4054 ut
3286 3992 3611 4073 prophetiae
3639 4000 3699 4054 et

2048 4083 2355 4145 mandata:
2392 4080 2717 4143 secundum
2772 4081 2928 4162 quod
2963 4082 3183 4159 dictum
3217 4090 3307 4144 est
3336 4080 3411 4142 do
3442 4080 3691 4160 angelis,

2050 4181 2318 4250 potentes
2344 4171 2580 4243 virtute,
2614 4170 2903 4233 facientes
2934 4169 3180 4232 verbum
3240 4172 3390 4251 ejus,
3445 4171 3557 4232 hoc
3580 4181 3693 4249 est,

2050 4259 2322 4322 mandata
2354 4260 2504 4340 ejus.
2540 4257 2659 4321 Sed
2710 4259 2946 4340 proprie
3000 4260 3261 4321 Verbum
3316 4257 3698 4320 subsistentia

2048 4355 2136 4409 est
2160 4366 2473 4428 personam
2502 4346 2895 4410 constituens.

2129 4439 2288 4499 Vens
2341 4437 2402 4500 ἓ.
2443 4462 2469 4492 α
2504 4435 2573 4498 Et
2598 4436 2742 4497 illud
2783 4434 3036 4498 Verbum
3077 4448 3205 4499 erat
3233 4437 3387 4517 apud
3412 4435 3623 4498 Deum.
3666 4460 3691 4493 ι.

2050 4525 2119 4588 Ει
2149 4526 2261 4587 hoc
2293 4526 2424 4587 loco
2458 4524 2828 4587 manifestius
2878 4524 3097 4586 indicat
3147 4532 3505 4587 coaaternum
3540 4525 3695 4587 Patri

326 4609 449 4675 Ἵνα
499 4619 597 4694 γὰρ
656 4618 734 4691 μὴ
792 4615 1031 4695 νομίσῃς,
1097 4613 1176 4670 ὅτι
1235 4616 1303 4681 ἧν
1356 4636 1485 4673 ποτε
1526 4617 1554 4671 6
1588 4616 1767 4695 Πατὴρ
1795 4616 1958 4695 χωρὶς

2047 4615 2283 4677 Filium.
2319 4616 2408 4678 Ne
2439 4614 2595 4677 enim
2633 4613 2940 4676 existimes
2969 4615 3127 4694 quod
3158 4618 3334 4678 Pater
3375 4614 3694 4694 aliquando

328 4716 416 4765 τοῦ
450 4708 591 4785 Υίοῦ,
623 4707 801 4783 φησὶν,
839 4703 919 4759 ὅτι
969 4726 997 4757 α
1035 4696 1090 4761 Ὀ
1138 4705 1307 4780 Λόγος
1346 4704 1409 4771 ἦν
1452 4706 1581 4783 πρὸς
1624 4706 1711 4759 τὸν
1742 4705 1894 4778 Θεὸν³
1930 4727 1957 4759 ι

326 4794 561 4852 τουτέστι
632 4794 765 4869 μετὰ
823 4795 975 4872 Θεοῦ,
1007 4791 1061 4848 ἐν
1106 4805 1219 4855 τοῖς
1252 4791 1471 4857 κόλποις
1503 4805 1620 4855 τοῖς
1652 4805 1960 4870 πατρικοῖς.

327 4884 395 4942 Τό
425 4886 544 4961 γὰρ,
580 4908 599 4938 ι
644 4884 801 4963 πρὸς,
841 4906 867 4936 ιι
904 4882 1015 4937 ἀντὶ
1044 4882 1155 4955 τοῦ,
1203 4882 1360 4956 μετὰ,
1388 4880 1613 4960 ὀφείλεις
1644 4886 1855 4961 νοῆσαι,
1888 4882 1961 4947 ὡς

320 4974 403 5027 καὶ
476 4972 720 5052 ἁλλαχου
776 4984 971 5027 κεῖται*
1026 4994 1049 5023 ιι
1088 4970 1224 5049 Οῦχὶ
1248 4972 1295 5025 οἱ
1320 4969 1530 5051 ἀδελφοὶ
1562 4976 1719 5028 αυτοῦ
1768 4971 1855 5025 καὶ
1912 4972 1962 5026 αἱ

322 5059 537 5140 ἀδελφαὶ
596 5067 749 5117 αὑτοῦ
819 5062 947 5138 πρὸς
1005 5061 1151 5134 ἡμᾶς
1212 5060 1341 5115 εἰσιν
1389 5076 1404 5133 ;
1472 5080 1495 5116 ι
1533 5058 1647 5115 ἀντὶ
1676 5066 1791 5134 τοῦ,
1846 5059 1960 5134 μεθ’

322 5151 475 5218 ἡμῶν
524 5150 931 5228 ἀναστρέφονται
984 5168 998 5219 ;
1062 5148 1212 5205 Οὕτω
1268 5148 1529 5205 κάνταῦθα
1598 5150 1683 5221 τὸ,
1750 5172 1775 5203 ι(
1832 5150 1963 5227 πρὸς

326 5241 415 5293 τὸν
475 5246 625 5313 Θεὸν,
688 5261 710 5294 υ
776 5239 990 5317 νόησον,
1025 5237 1137 5293 αντὶ
1168 5244 1281 5310 τοῦ,
1316 5237 1451 5311 μετὰ
1486 5245 1616 5293 Θεου
1646 5239 1735 5311 ἦν,
1772 5239 1862 5294 σὺν
1890 5242 1968 5311 τῷ

329 5337 464 5403 Θεῷ,
527 5328 579 5384 ἓν
627 5342 743 5391 τοῖς
793 5327 1014 5392 κόλποις
1077 5328 1253 5388 αὖτοῦ.
1289 5327 1397 5386 Οὔκ
1428 5326 1704 5408 ἐνδέχεται
1748 5330 1848 5407 γὰρ
1878 5331 1970 5386 τὸν

405 5460 894 5538 59130an.l,1.
975 5458 1043 5510 50
1072 5457 1222 5523 Gen.
1255 5476 1296 5536 ι,
1332 5461 1384 5523 1.
1467 5458 1525 5510 οι
1614 5462 1791 5522 Marc.
1826 5465 1910 5543 V1,
1943 5462 1999 5528 3.

2045 4703 2221 4766 fuerit
2239 4700 2462 4785 absque
2496 4703 2666 4779 Filio,
2695 4702 2859 4779 dicit,
2899 4728 2923 4757 α
2963 4702 3031 4764 Ει
3080 4703 3225 4765 illud
3258 4703 3523 4767 Verbum
3572 4710 3696 4764 erat

2044 4793 2198 4874 apud
2222 4792 2428 4863 Deum,
2470 4817 2488 4845 ι
2526 4793 2637 4854 hoc
2670 4804 2783 4871 est,
2816 4811 2951 4854 cum
2986 4792 3200 4867 Deo,in
3233 4791 3463 4853 sinibus
3490 4798 3694 4871 pater-

2046 4880 2397 4962 nis.«Apud,
2417 4906 2435 4937 ι
2467 4880 2624 4943 enim
2656 4880 2988 4960 intelligere
3010 4880 3194 4943 debes
3215 4898 3346 4962 pro,
3379 4881 3697 4942 cum:sicut

2050 4982 2105 5033 et
2137 4971 2253 5033 alio
2275 4971 2404 5032 loco
2424 4969 2647 5033 dictqu
2670 4969 2840 5050 θείω,
2857 4972 3099 5032 «Nonne
3128 4970 3338 5032 fratres
3368 4971 3496 5049 ejus
3518 4978 3575 5031 et
3591 4987 3693 5029 so-

2053 5078 2224 5123 rores
2248 5060 2377 5138 ejus
2396 5058 2550 5138 apud
2586 5077 2695 5119 nos
2726 5057 3048 5121 sunt‘hhoc
3081 5059 3506 5139 est,nobiscum
3531 5065 3689 5129 sunt,

2055 5160 2111 5211 et
2143 5148 2446 5210 nobiscum
2480 5147 2933 5210 conversantur?
2965 5148 3062 5211 Sic
3104 5156 3161 5209 et
3209 5149 3322 5211 hoc
3349 5148 3506 5226 loco,
3537 5146 3694 5227 apud

2054 5237 2687 5316 Deum,intellige,hoc
2719 5246 2971 5311 est,cum
3001 5232 3121 5300 Deo
3153 5246 3298 5311 erat,
3322 5256 3457 5300 cum
3486 5235 3698 5310 Deo,in

2053 5326 2283 5389 siuibus
2314 5326 2463 5405 ejus.
2502 5323 2877 5405 lmpossibile
2928 5325 3085 5386 enim
3119 5334 3209 5389 est
3240 5324 3424 5388 Deum
3476 5326 3701 5405 absque

1402 5597 1487 5658 Ex
1516 5595 1833 5661 collatione
1863 5600 2037 5664 codd.
2078 5597 2289 5663 Venet.
2324 5598 2390 5663 S.
2423 5596 2625 5663 Marci.

410 5707 532 5787 (12)
562 5704 709 5770 Cod.
734 5706 816 5775 32
847 5704 1051 5771 addit:
1077 5708 1106 5766 δ
1129 5704 1466 5781 ἀκηκόαμεν,
