4126 6282
336 346 358 410 1
383 349 402 412 l
424 348 487 411 41
1092 347 1529 412 ENARRATIO
1571 345 1648 414 IN
1690 347 1965 414 EVANGJ

2088 347 2190 410 UM
2234 348 2575 415 JOANNIS.
2624 385 2699 396 —
2729 350 2893 417 CAP.
2944 355 2991 417 Ῑ.
3568 356 3717 422 1142

321 490 465 538 Θεοῦ
531 485 622 538 τὸν
687 483 804 539 ι’ίὸν
862 483 1047 556 αὐτοῦ,
1105 484 1284 540 σύνετε
1313 496 1471 542 ποῖον
1503 483 1668 560 ὄνομα
1691 482 1919 540 τέθεικεν

2085 479 2347 575 acturam
2381 483 2601 545 vocatis
2632 502 2791 575 eum,
2831 487 2933 567 qui
2966 506 3160 570 neque
3176 508 3337 572 .opus
3368 497 3496 573 est,
3515 510 3714 575 neque

314 570 705 649 εῦαγγελιστὴς
775 579 851 647 τῷ
917 577 1023 648 Υἱῷ
1089 581 1180 630 τοῦ
1238 580 1389 633 Θεοῦ.
1466 575 1635 653 Λόγον
1665 574 1762 651 γὰρ
1801 573 1943 662 ,αὐτὸ

2081 570 2455 662 actura.Nam
2487 591 2618 662 cum
2645 564 2864 655 duplei
2883 577 2957 638 sit
2978 564 3243 641 verbum-
3261 580 3440 661 (aliud
3466 564 3710 662 quidem

315 659 600 716 ἐκάλεσεν·
673 664 830 736 ὑμεῖς
888 660 940 718 δὲ
996 664 1147 741 ἔργον
1223 665 1378 720 αὐτὸν
1410 665 1495 719 καὶ
1526 664 1732 737 ποίημα
1772 661 1944 737 ὄνομά·

2081 658 2339 751 dentale,
2360 661 2515 741 quod
2548 662 2840 725 habemus
2870 668 3043 728 etiam
3073 668 3220 730 nihil
3242 658 3576 751 loquentes,
3614 670 3710 732 iu—

315 756 467 819 ζετε.
500 750 671 828 Λόγος
714 752 879 830 ἐστὶν,
910 755 1004 810 οῦκ
1031 751 1209 832 ἔργον,
1263 751 1378 809 οῦδὲ
1421 754 1638 827 κτίσμα.
1689 758 1874 808 Διττοῦ
1921 747 1944 804 ὃ

2082 746 2253 826 ellige
2282 758 2475 810 autem
2503 758 2773 813 vtrtutem
2802 753 3083 834 loquendi
3119 778 3131 818 :
3168 758 3247 819 ita
3277 746 3434 820 enim
3474 766 3530 821 et
3563 759 3706 821 dor-

320 839 482 903 ὄντος
539 842 631 895 τοῦ
679 837 839 916 λόγου
873 838 925 919 (6
978 841 1077 914 μὲν
1104 842 1207 929 γὰρ
1252 841 1392 897 ἐστιν
1426 839 1753 929 ἐνδιάθετος,
1773 840 1832 896 ὅν
1888 862 1949 895 κα

2076 834 2254 929 niens
2274 847 2329 898 et
2352 838 2500 929 nihil
2518 838 2767 920 loquens
2788 842 2964 906 habet
2991 846 3104 905 vim
3130 846 3412 927 loquendi
3432 848 3491 909 in
3511 848 3705 929 seipso

325 928 410 1000 μὴ
469 926 712 1005 λέγοντες
744 926 967 1007 ἔχομεν,
1000 932 1137 1006 φημὶ
1165 928 1229 997 δὴ
1258 930 1355 996 τὴν
1384 937 1477 987 τοῦ
1522 928 1693 1006 λέγειν
1735 926 1950 1001 δὺναμιν

2079 923 2317 1005 εἰιειη,ει
2338 928 2613 988 virtutem
2648 948 2765 989 non
2785 929 3009 1010 abjecit
3033 952 3046 996 :
3072 942 3162 995 est
3190 923 3367 1012 igitur
3417 936 3575 998 aliud
3602 923 3708 999 'in-

324 1018 420 1072 καὶ
475 1017 808 1092 κοιμώμενος
862 1018 960 1094 γὰρ
990 1039 1092 1081 τις.
1140 1020 1228 1074 καὶ
1284 1019 1360 1093 μὴ
1412 1017 1606 1097 λέγων,
1667 1016 1813 1093 ὅμως
1860 1015 1953 1096 ἔχε

2073 1015 2483 1095 ternum,aliud
2500 1032 2638 1078 vero
2653 1020 3273 1103 enuntiativum,quod
3292 1042 3401 1104 per
3423 1024 3581 1087 labia
3599 1045 3702 1106 pro

318 1106 418 1161 τῦν
489 1103 648 1182 λόγον
701 1106 754 1161 ὲν
807 1107 947 1179 αὐτῷ
1019 1107 1282 1187 κείμενον,
1330 1109 1419 1164 καὶ
1488 1109 1584 1175 τὴν
1621 1104 1836 1181 δύναμιν
1882 1109 1947 1163 o6:

2075 1101 2451 1192 'erimus,hoc
2472 1113 2560 1165 est
2578 1106 2666 1166 vis
2689 1101 3168 1188 eloquendi,cum
3189 1111 3248 1172 id
3269 1101 3427 1192 quod
3444 1101 3612 1177 intus
3625 1115 3704 1175 si-

317 1194 613 1251 ἀπέϐαλεν·
689 1200 717 1253 6
776 1196 874 1272 μὲν
940 1199 1029 1254 οῦν
1082 1201 1223 1254 ἐστιν
1272 1195 1590 1271 ἐνδιάθετος,
1624 1195 1735 1254 ὁδὲ
1765 1220 1946 1276 προφο·

2078 1209 2176 1280 um
2206 1199 2295 1252 est
2316 1191 2376 1252 in
2402 1201 2619 1267 mente,
2643 1196 2703 1255 in
2727 1214 2875 1274 opus
2899 1198 3334 1280 producimus),
3364 1219 3497 1261 cum
3530 1202 3707 1280 igitur

311 1288 487 1362 ρικὸς,
536 1285 592 1341 ὅν
649 1288 735 1342 καὶ
787 1284 871 1341 διὰ
940 1295 1045 1343 τῶν
1088 1285 1321 1367 χειλέων
1364 1286 1695 1365 προφέρομεν
1731 1289 1831 1352 τὴν
1881 1308 1940 1342 το

2073 1277 2267 1358 luplex
2301 1280 2375 1340 sit
2405 1280 2956 1362 verbum,neutrum
2985 1288 3197 1349 horum
3223 1277 3491 1367 congruit
3521 1277 3580 1352 in
3604 1291 3702 1354 Fi-

310 1373 494 1450 λέγειν
565 1373 779 1436 δύναμιν
848 1378 939 1431 τοῦ
1006 1374 1320 1455 ἐνδιαθέτου,
1391 1378 1478 1431 καὶ
1506 1374 1651 1438 ἐντὸς
1700 1375 1939 1449 κειμένου

2078 1367 2195 1428 ium
2225 1369 2350 1430 Dei.
2370 1373 2579 1449 Neque
2595 1373 2751 1433 enim
2774 1374 2862 1434 vel
2884 1377 3311 1439 enuntiativum
3338 1379 3425 1440 vel
3450 1381 3704 1443 mentale

310 1465 392 1524 εἰς
446 1462 708 1543 ἐνέργειαν
778 1465 1149 1543 προάγοντες)’
1224 1465 1397 1522 διττοῦ
1454 1465 1622 1521 τοίνυν
1665 1464 1814 1528 ὄντος
1874 1475 1939 1520 τό

2074 1457 2312 1519 Verbum
2332 1468 2420 1519 est
2446 1459 2626 1522 E‘ilius
2657 1461 2788 1524 Dei.
2828 1463 3020 1526 Verba
3068 1468 3226 1527 enim
3263 1467 3365 1529 illa
3416 1472 3703 1533 naturalia

310 1551 500 1631 λόγου,
560 1551 827 1632 οὐδέτερος
886 1554 1087 1610 τούτων
1145 1555 1358 1631 ἁρμόζει
1420 1553 1503 1611 ἐπὶ
1545 1560 1639 1611 τοῦ
1693 1556 1814 1611 Τὶοῦ
1876 1575 1939 1609 τοι

2081 1552 2275 1615 υηι,ει
2296 1549 2487 1627 qualia
2504 1550 2657 1628 apud
2684 1551 3082 1640 nos.Verbum
3102 1564 3297 1617 autem
3322 1556 3509 1619 Patris
3526 1578 3703 1640 super

316 1650 472 1696 Θεου⁶
531 1643 660 1699 Οὔτε
718 1644 817 1721 γὰρ
886 1645 1228 1722 προφορικὸς,
1290 1641 1407 1700 οὔτε
1448 1641 1735 1705 ὲνδιάθετός
1764 1645 1945 1698 ἓστινέ

2067 1644 2313 1696 laturam
2342 1645 2452 1707 est,
2490 1657 2604 1728 nec
2631 1639 2967 1719 subjectum
2994 1643 3263 1705 artiﬁciis
3287 1643 3407 1706 illis
3440 1639 3696 1728 loquen-

314 1729 488 1808 Λόγος
546 1738 637 1787 τοῦ
703 1734 850 1788 Θεοῦ.
920 1724 1149 1789 Ἐκεῖνοι
1209 1733 1306 1807 μὲν
1336 1733 1436 1810 γὰρ
1478 1734 1584 1787 τῶν
1615 1734 1846 1811 φυσικῶν
1876 1752 1943 1787 κα

2071 1723 2105 1783 li
2136 1724 2547 1814 interioribus.
2578 1727 2770 1808 Atque
2793 1728 2871 1790 ita
2904 1731 3060 1792 cadit
3093 1733 3400 1813 Porphyrii
3453 1723 3700 1814 gentilis

317 1817 435 1873 καθ’
492 1817 659 1894 ⁹ἡμᾶς’
723 1822 750 1876 6
819 1818 877 1876 δέ
946 1828 1038 1878 τοῦ
1068 1823 1269 1899 Πατρὸς
1317 1822 1480 1899 Λόγος
1510 1821 1640 1898 ὑπὲρ
1684 1820 1835 1901 φύσιν
1862 1818 1946 1899 ὤν1

2065 1813 2349 1901 mphisma
2363 1860 2375 1873 .
2388 1813 2487 1875 [lle
2504 1815 2661 1875 enim
2678 1824 2913 1880 tentans
2932 1818 3275 1883 subvertere
3289 1813 3694 1901 Evangelium,

310 1911 418 1988 οὔχ
488 1906 840 1966 ὑποϐάλλεται
902 1925 1018 1976 τοῖς
1060 1912 1207 1967 κάτω
1235 1910 1723 1991 τεχνολογήμασιν.
1785 1900 1939 1968 ”Ωστι

2071 1900 2263 1992 ali_b_us
2296 1904 2571 1992 utebatur
2600 1904 3075 1971 divisionibus.Si
3099 1892 3698 1992 enim,inquit,Filius

309 1997 649 2054 διαπέπτωκε
700 2006 792 2053 τοῦ
855 1989 1130 2066 ’Ἐλληνος
1211 1988 1496 2080 Ποριρυρίου
1553 2001 1614 2053 τὸ
1703 1998 1935 2078 σόρισμα

2063 1990 2153 2080 )εί
2183 1988 2444 2051 Verbum
2479 2001 2586 2066 est,
2619 1995 2708 2055 vel
2743 2002 2831 2056 est
2856 1988 3692 2078 pronuntiativumﬁeltmen-

309 2087 557 2148 Ἐκεϊνος
615 2088 715 2166 γὰρ
773 2088 1080 2167 ἀνατρέπειν
1123 2078 1449 2163 πειρώμενος
1506 2089 1567 2143 τὸ
1616 2087 1935 2166 Εῦαγγέλιον

2071 2078 2201 2170 ale_:
2222 2096 2425 2140 verum
2461 2099 2655 2170 neque
2681 2082 2790 2144 hoc
2810 2092 2921 2164 est,
2944 2103 3137 2166 neque
3157 2086 3473 2167 illud:ergo
3502 2108 3695 2170 neque

308 2177 580 2239 τοιαύταις
651 2177 853 2256 ἐχρῆτο
909 2165 1265 2257 διαιρέσεσιν.
1307 2180 1361 2234 Εἰ
1407 2178 1506 2255 γὰρ
1550 2180 1741 2253 Λόγος,
1775 2178 1933 2255 φησὶν

2063 2165 2305 2226 Verbum
2340 2176 2449 2229 est.
2484 2168 2623 2229 508
2654 2172 2919 2234 Solutum
2954 2165 3153 2255 itaque
3184 2176 3347 2256 prius
3378 2165 3692 2257 estsophi-

308 2266 337 2317 ὀ
394 2265 512 2326 Υἱὸς
571 2272 662 2320 τοῦ
706 2265 856 2338 Θεοῦ,
891 2265 1011 2333 ἢτοι
1043 2265 1360 2345 προφορικὸς
1390 2267 1532 2322 ἐστιν
1558 2264 1593 2330 ἢ
1640 2262 1929 2330 ἐνδιάθετος

2066 2276 2170 2317 :ma
2189 2258 2469 2340 hoc,quia
2491 2260 2745 2322 dicimus
2763 2264 2921 2342 quod
2944 2265 3203 2328 mentale
3216 2275 3272 2327 et
3296 2270 3695 2346 pronuntiati-

310 2352 450 2407 ἀλλὰ
479 2354 585 2426 μὴν
630 2353 746 2409 οὕτε
777 2362 951 2425 τοῦτο,
1000 2356 1117 2411 οὔτε
1146 2358 1347 2411 ἐκεῖνο·
1383 2355 1475 2411 οῦκ
1507 2351 1747 2429 ἅραονᾜὲ
1786 2353 1939 2429 Λόγος

2065 2365 2173 2407 rum
2195 2349 2439 2409 verbum
2460 2349 2636 2411 estde
2660 2351 2750 2410 his
2775 2370 2905 2432 qua:
2923 2356 3080 2431 apud
3100 2373 3208 2415 nos
3226 2354 3301 2416 de
3326 2358 3694 2419 naturalibus

310 2441 474 2500 ἐστίν.
531 2440 773 2523 ’Ὲφθασε
842 2445 939 2518 μὲν
996 2447 1084 2502 οῦν
1112 2444 1273 2509 λύσας
1304 2448 1331 2501 6
1363 2443 1741 2521 εὖαγγελιστὴς
1772 2444 1833 2498 τὸ
1857 2444 1939 2500 σό-

2060 2435 2422 2498 licuntur:de
2452 2456 2521 2498 eo
2547 2447 2742 2499 autem
2767 2439 2928 2517 quod
2960 2460 3137 2521 supra
3155 2452 3418 2505 naturam
3446 2452 3562 2519 est,
3592 2448 3689 2507 ni-

311 2555 479 2612 ρισμα
551 2539 703 2588 τοῦτο
764 2530 844 2589 διὰ
900 2541 992 2590 τοῦ
1050 2536 1243 2613 εἰπεῖν,
1307 2533 1385 2589 ὅτι
1444 2535 1503 2588 τὸ
1532 2531 1821 2588 ἐνδιάθετον
1869 2541 1940 2589 κα

2058 2524 2122 2587 ιὶΙ
2157 2527 2728 2590 tale.Verumtamen
2750 2537 2809 2590 et
2838 2529 2950 2591 hoc
2971 2530 3325 2595 dicendum:
3354 2536 3411 2594 Si
3444 2525 3687 2614 quidem

309 2622 369 2676 το
429 2623 747 2699 προφορικὸν
793 2619 878 2677 ἐπὶ
936 2629 1043 2678 τῶν
1107 2620 1219 2678 καθ’
1277 2624 1420 2695 ἡμᾶς
1451 2622 1537 2677 καὶ
1588 2625 1692 2675 τῶν
1721 2628 1938 2700 φυσικὼη

2059 2632 2257 2676 ιοιηεη
2290 2616 2467 2676 Verbi
2503 2617 2744 2694 (lignum
2770 2626 2927 2687 esset
2956 2617 3103 2693 Deo,
3134 2628 3193 2683 et
3223 2622 3461 2702 proprie
3485 2622 3560 2684 de
3585 2623 3688 2686 illo

307 2710 544 2788 λέγεταιο
604 2711 689 2766 ἐπὶ
734 2708 788 2765 δὲ
859 2717 951 2767 τοῦ
1012 2713 1140 2788 ὑπὲρ
1236 2712 1408 2789 φύσιν,
1491 2707 1635 2768 οὐδὲν
1688 2717 1936 2771 τοιοῦτον,

2058 2722 2103 2763 ιε
2133 2702 2600 2765 substantialiter
2644 2704 3227 2788 diceretur,haberet
3254 2711 3461 2792 utique
3488 2713 3687 2775 locum

310 2799 451 2867 Πλὴν
516 2801 603 2856 καὶ
657 2806 809 2856 τοῦτο
866 2799 1075 2877 ῥητέον,
1108 2803 1180 2864 ὡς
1212 2801 1254 2856 εἰ
1287 2801 1382 2874 μὲν
1413 2800 1478 2866 ἦν
1508 2800 1567 2856 τὸ
1598 2801 1766 2872 ὄνομα
1796 2808 1939 2856 τοῦτι

2057 2792 2270 2868 gentilis
2301 2792 2612 2869 dubitatio;
2645 2805 2701 2855 at
2736 2814 2929 2876 neque
2973 2797 3157 2858 ullum
3189 2800 3347 2860 aliud
3383 2802 3686 2880 proprium

306 2890 367 2944 τὸ
426 2889 593 2965 Λόγος
656 2887 798 2953 ἄξιον
856 2896 945 2965 τοῦ
1004 2898 1157 2969 Θεοῦ,
1212 2891 1301 2945 καὶ
1392 2888 1580 2966 κυρίως
1639 2886 1723 2943 ἐπ’
1791 2892 1935 2947 αῦτοῐ

2054 2899 2254 2941 nomen
2286 2882 2416 2961 quis
2446 2882 2746 2944 invenerit
2777 2884 3019 2963 dignum
3051 2890 3396 2969 Deozneque
3419 2888 3683 2952 Verbum

307 2980 393 3034 καὶ
444 2976 708 3058 οῦσιωδῶς
780 2976 1091 3058 λέγόμενον,
1134 2980 1292 3058 εἶχεν
1353 2977 1414 3034 ἄν
1470 2977 1628 3055 λόγον
1661 2979 1694 3044 ἧ
1756 2978 1936 3055 ἀπορία

2059 2988 2219 3049 psum
2254 2970 2721 3031 substantialiter
2753 2981 2809 3033 et
2844 2974 3083 3052 proprie
3114 2985 3201 3036 est
3223 2995 3440 3038 nomen
3466 2977 3688 3057 Unige-

309 3067 397 3122 τοῦ
454 3050 754 3132 ’ΊΕλληνοςο
820 3075 907 3123 νῦν
976 3067 1032 3124 δὲ
1089 3068 1206 3125 οῧτε
1240 3066 1371 3123 ἄλλο
1402 3065 1567 3141 ὄνομα
1611 3065 1748 3145 εὕροι
1776 3065 1836 3121 ἅν
1865 3088 1938 3131 τις

2049 3058 2268 3131 ιίιί,εει1
2292 3064 2514 3119 tantum
2549 3050 2885 3122 manifestat
2906 3050 3128 3143 absque
3146 3065 3455 3126 affectione
3477 3050 3678 3128 natﬁm

308 3157 481 3229 κύριον
524 3156 609 3211 ἐπὶ
664 3158 814 3228 Θεοῦ,
877 3155 992 3213 οὔτε
1022 3159 1104 3235 τὸ,
1140 3158 1329 3234 Λόγος,
1363 3155 1488 3211 αὒτὸ
1518 3152 1782 3218 οὗσιωδῶς
1826 3154 1937 3210 ἐστι

2044 3147 2101 3209 le
2120 3146 3048 3248 PatreFilium,quemadmodum
3085 3152 3328 3214 verbum
3354 3154 3427 3215 de
3453 3166 3673 3236 mente,

310 3246 390 3301 καὶ
462 3246 670 3323 κυρίως,
729 3243 1023 3311 δηλωτικὸν
1082 3245 1135 3302 δὲ
1206 3246 1363 3321 μύνον
1424 3245 1535 3300 ἒστὶ
1578 3249 1670 3300 τοῦ
1729 3243 1939 3307 ἀπαθῶς

2129 3236 2282 3316 quod
2327 3236 2502 3298 Filius
2553 3238 2629 3297 sit
2661 3248 2919 3318 paternae
2951 3242 3265 3304 voluntatis
3299 3244 3561 3305 nuntius.
3602 3247 3688 3307 Et

308 3336 620 3409 γεννηθῆναι
674 3337 764 3390 τὸν
852 3336 969 3390 Υἱὸν
1028 3336 1089 3392 ἐκ
1144 3344 1235 3392 τοῦ
1266 3335 1492 3413 Πατρὸς,
1528 3333 1755 3412 ὥσπερὸ
1784 3331 1937 3408 λόγος

2053 3325 2301 3397 proinde,
2325 3344 2359 3385 o
2391 3326 2739 3407 miser,quid
2772 3328 3010 3391 vellicas
3040 3340 3385 3410 nomen,aut
3413 3333 3682 3412 profecto

304 3422 361 3478 ἐκ
410 3431 500 3480 τοῦ
560 3434 670 3500 νοῦ,
729 3426 817 3481 καὶ
868 3426 964 3481 ’τοῦ
995 3427 1179 3503 ⁸σιῦτὸν
1237 3424 1511 3503 γεγονέναι
1546 3430 1638 3479 τοῦ
1686 3431 1933 3498 πατρικοῦ

2037 3433 2157 3475 :um
2187 3414 2401 3475 dicitur
2416 3417 2674 3485 Pater,et
2700 3416 2972 3492 Filius,et
3002 3420 3359 3498 Spiritus,ad
3390 3422 3666 3481 materia-

301 3512 594 3582 Θελῆματος
659 3498 912 3593 γᾶγγελον.
971 3498 1145 3571 "ncte
1176 3515 1224 3569 τί
1249 3512 1528 3593 ἐπιδράττῃ
1584 3520 1677 3568 τοῦ
1735 3511 1930 3586 ὀνόμα-

2046 3503 2099 3564 ia
2128 3504 2367 3574 laberis,
2401 3514 2459 3566 et
2489 3506 2757 3567 carnales
2793 3516 2990 3568 mente
3024 3508 3195 3587 ﬁngis
3227 3517 3511 3590 patres,et
3533 3530 3673 3588 sep-

300 3623 408 3672 τος,
467 3604 512 3658 ὦ
568 3602 865 3681 ταλαίπωρε
900 3624 915 3683 ;
963 3603 978 3627 ²
1002 3611 1047 3661 Η
1078 3627 1179 3661 που
1206 3605 1295 3659 καὶ
1324 3603 1529 3681 Πατέρα
1585 3601 1809 3673 ἀκούων,
1844 3604 1929 3658 καὶ

2045 3612 2136 3655 ειη
2162 3594 2333 3671 lilios,
2360 3602 2419 3655 et
2446 3595 2721 3675 spiritum
2752 3597 3464 3671 aerium,meridionalem
3492 3599 3673 3680 forte,

302 3692 438 3768 Υίὸν,
503 3694 587 3747 καὶ
650 3698 859 3766 Πνεῦμα
916 3693 999 3749 ἐπὶ
1041 3694 1109 3749 τὰ
1136 3692 1288 3749 ῦλικὰ
1330 3696 1629 3768 καταπεσῇ,
1662 3691 1748 3746 καὶ
1798 3711 1926 3768 σαρ-

2048 3685 2098 3746 el
2118 3683 2642 3764 septentrionalem
2691 3688 2775 3748 vel
2821 3687 3001 3748 alium
3026 3687 3377 3750 excitanlem
3413 3696 3677 3770 tempes-

299 3782 469 3844 κικοὺς
540 3781 895 3847 ἀνατυπώσεις
976 3790 1054 3857 τῷ
1110 3790 1182 3856 νῷ
1211 3782 1457 3858 πατέρας,
1507 3781 1594 3835 καὶ
1634 3779 1797 3858 υἱοὺς,
1842 3780 1928 3834 καὶ

2054 3775 2241 3837 atem?
2300 3778 2593 3853 Caeterum
2654 3777 2702 3837 si
2748 3778 2902 3837 scire
2954 3777 3035 3837 vis
3088 3778 3261 3857 quale
3320 3779 3394 3838 sit
3424 3776 3683 3841 Verbum

300 3876 498 3943 πνεῦμα
552 3870 749 3949 ἀέριον,
807 3872 978 3926 νότιον
1038 3875 1201 3951 τυχὸν
1257 3871 1293 3939 ἢ
1350 3872 1578 3948 βόρειον,
1625 3870 1661 3935 ἢ
1711 3889 1761 3922 τι
1797 3866 1929 3924 ἄλλο

1481 3892 1578 3942 ιον,
1625 3870 1661 3935 ἢ
1711 3889 1761 3922 τι
1797 3866 1929 3924 ἂλλο
2014 3864 2142 3944 Dei,
2175 3863 2308 3925 audi
2340 3864 2568 3947 reliqua
2600 3886 2730 3946 qua;
2756 3876 3110 3947 sequuntur.

297 3964 396 4013 τῶν
427 3959 794 4039 ἐργαζομένων
826 3963 945 4022 τοὺς
996 3960 1313 4028 κλὺδωνας;
1374 3958 1542 4016 Ἀλλὰ
1600 3958 1698 4036 γὰρ
1754 3958 1798 4011 εἰ
1855 3954 2019 4031 ϐούλῃ
2078 3959 2269 4031 μαθεῖν
2327 3969 2485 4019 ποῖος
2532 3958 2700 4035 Λόγος
2755 3959 2893 4013 ἐστὶν
2931 3959 2958 4012 6
2986 3965 3077 4014 τοῦ
3128 3966 3281 4029 Θεοῦ,
3316 3957 3538 4017 ἄκουσον
3571 3970 3675 4018 τῶν

297 4047 479 4125 ἐφεξῆς
496 4092 511 4107 .

336 4162 402 4194 κα
451 4141 628 4196 Πάντα
682 4138 749 4196 δι’
822 4144 976 4198 αὐτοῦ
1022 4140 1227 4218 ἐγένετο
1291 4165 1317 4195 η
1373 4141 1461 4207 Μὴ
1493 4139 1735 4214 νομίσῃς,
1786 4138 1936 4215 φηπὶ,

2112 4136 2292 4196 Vens.
2320 4133 2376 4197 3.
2411 4155 2439 4193 ι
2471 4135 2683 4196 Omnia
2725 4155 2829 4216 per
2855 4138 3046 4217 ipsum
3078 4137 3227 4199 facta
3256 4146 3413 4199 sunt.
3440 4136 3526 4199 Ne
3554 4141 3674 4200 exi-

300 4226 451 4306 λογον
478 4230 550 4293 εἷς
576 4230 701 4308 ἀέρα
758 4232 1021 4310 χεόμενον
1050 4233 1138 4288 καὶ
1166 4230 1446 4304 λυόμενον,
1503 4226 1642 4283 ἀλλὰ
1702 4226 1929 4293 ποιητὴν

2042 4225 2254 4303 :times,
2280 4222 2492 4303 inquit,
2518 4224 2759 4285 verbum
2785 4226 2940 4306 quod
2971 4227 3031 4287 in
3057 4245 3198 4288 aera
3228 4225 3579 4289 diffunditur
3608 4238 3671 4292 et

298 4318 500 4392 πάντων
564 4326 768 4385 νοητῶν
839 4322 925 4376 καὶ
1002 4322 1262 4387 αἰσθητῶν
1293 4317 1459 4376 Ἀλλὰ
1501 4316 1660 4373 πάλιν
1713 4318 1759 4371 οἱ
1817 4316 1927 4392 περῖ

2038 4314 2378 4390 lissolvitur,
2413 4313 2518 4373 sed
2560 4314 2841 4377 factorem
2868 4315 3134 4376 omnium
3170 4323 3282 4376 tam
3319 4316 3667 4378 mentalium

298 4408 380 4461 τὸν
421 4390 641 4469 ’Ἄρειον
696 4408 1027 4488 ἐπιφύονται,
1086 4408 1329 4486 λέγοντες
1360 4410 1439 4465 ὃτι
1471 4408 1649 4483 ὥσπερ
1706 4404 1927 4481 λέγομεν

2059 4421 2190 4463 nam
2221 4400 2618 4462 sensibilium.
2648 4401 2755 4464 Hic
2787 4402 2995 4464 iterusn
3023 4404 3225 4464 Ariani
3253 4402 3677 4481 insurguntlet

299 4494 373 4550 δια
428 4504 517 4551 τοῦ
576 4498 787 4575 πρίονος
844 4499 1080 4577 γενέσθαι
1142 4502 1241 4568 τὴν
1296 4499 1452 4577 θύραν
1483 4500 1556 4560 ὡς
1584 4495 1651 4551 δι’
1682 4494 1924 4572 ὀργάνου,

2042 4488 2217 4552 licunt
2244 4491 2399 4571 quod
2420 4491 2571 4553 sicut
2601 4492 2849 4553 dicimus
2880 4494 3076 4555 securi
3108 4492 3383 4554 fabricari
3415 4496 3671 4572 jauuam

299 4584 465 4662 ἕτερον
523 4587 699 4659 μέντοι
757 4590 850 4643 τὸν
877 4591 1131 4669 τεχνίτην
1161 4592 1253 4646 τὸν
1296 4595 1538 4645 κινοῦντα
1578 4587 1640 4641 τὸ
1680 4583 1921 4662 ὄργανον·

2051 4582 2178 4641 uasi
2206 4581 2666 4654 insrumento,et
2695 4581 2877 4642 alium
2909 4601 3041 4643 esse
3069 4582 3295 4644 fabrum
3327 4584 3425 4664 qui
3478 4595 3678 4647 movet

298 4672 423 4728 οὕτω
476 4678 564 4731 καὶ
621 4674 704 4731 διὰ
761 4684 853 4733 τοῦ
913 4682 1032 4734 Υἱοῦ
1091 4678 1330 4755 γενέσθαι
1387 4678 1451 4732 τὰ
1479 4676 1674 4753 πάντα,
1725 4674 1828 4751 οὔχ
1855 4674 1927 4734 ὡς

2041 4690 2125 4731 ιοε
2162 4688 2471 4746 organum,
2531 4672 2608 4730 ita
2650 4678 2707 4732 et
2758 4690 2866 4752 per
2893 4672 3106 4734 Filium
3141 4673 3265 4733 ﬁeri
3293 4673 3518 4745 omnia,
3554 4694 3670 4734 non

304 4765 447 4819 αῦτοῦ
514 4773 740 4831 ποιητοῦ
822 4765 997 4845 ὄντος,
1059 4766 1178 4823 ἀλλ’
1241 4767 1482 4845 ὀργάνου,
1530 4765 1708 4842 ὥσπερ
1760 4762 1875 4817 ἐκεῖ
1905 4762 1932 4816 6

2047 4759 2168 4837 juod
2204 4759 2331 4838 ipse
2353 4758 2429 4818 sit
2459 4759 2669 4830 factor,
2704 4761 2810 4821 sed
2856 4761 3343 4835 instrumentum,
3374 4761 3527 4823 sicut
3551 4762 3676 4824 illic

300 4852 477 4927 πρίων,
543 4864 633 4912 τοῦ
694 4855 871 4930 μέντοι
931 4864 1062 4914 Θεοῦ
1120 4858 1207 4913 καὶ
1267 4857 1739 4934 Πατρὸςποιητοῦ
1780 4850 1929 4912 ὄντος

2041 4848 2264 4927 ιεειπίε,
2290 4857 2347 4908 ει
2378 4848 2527 4909 Filio
2560 4858 2618 4909 ut
2650 4850 3041 4911 instrumento
3074 4857 3445 4925 utatur,cum
3471 4858 3670 4913 tamen

296 4941 372 4993 καὶ
426 4926 708 5019 χρωμένου
751 4946 828 5015 τῷ
901 4948 1003 5019 Υἱῷ
1033 4948 1120 5009 ὡς.
1163 4926 1392 5024 όργάνῳξ
1465 4926 1642 5000 εὶΩιι-τε
1700 4940 1925 5015 ποίημα,

2041 4941 2174 4998 )eus
2207 4926 2264 4998 et
2297 4936 2470 4997 Pater
2498 4938 2692 5002 faciat.
2730 4938 2797 4999 Et
2846 4939 2925 5000 ita
2952 4940 3194 5013 factura,
3231 4940 3416 5013 aiunt,
3444 4948 3535 5000 est
3568 4939 3670 5002 Fi-

296 5031 458 5107 ρασὶν,
518 5033 545 5085 6
605 5034 736 5103 (ἰὸς,
800 5032 885 5089 ἐπὶ
955 5035 1125 5107 τούτῳ
1156 5036 1404 5108 κτισθεὶς,
1437 5033 1521 5089 ἐπί
1552 5039 1629 5106 τῷ
1678 5029 1744 5086 δι’
1776 5029 1925 5085 αῦτοῦ

2044 5026 2149 5098 ius,
2188 5026 2258 5087 ad
2295 5025 2405 5086 hoc
2438 5024 2587 5087 facta
2614 5035 2673 5087 ut
2700 5046 2802 5106 per
2831 5028 3027 5107 ipsum
3060 5029 3203 5089 liaut
3251 5029 3478 5103 omnia,
3514 5028 3673 5090 sicut

296 5118 519 5192 γενέσθαι
591 5121 656 5175 τὰ
710 5123 900 5179 πάντα’
962 5123 1141 5203 ὥσπερ
1171 5126 1197 5179 6
1256 5123 1421 5201 πρίων
1450 5122 1534 5178 ἐπὶ
1561 5122 1731 5193 τούτῳ
1775 5120 1919 5197 γίνε-

2034 5125 2065 5177 ει
2110 5116 2337 5178 securis
2375 5115 2449 5176 ad
2482 5118 2592 5177 hoc
2619 5119 2682 5177 ﬁt
2713 5128 2772 5178 ut
2804 5137 2910 5199 per
2938 5137 3067 5179 eam
3102 5119 3302 5180 omnia
3324 5120 3663 5182 artiﬁcialia

298 5229 390 5285 ται,
464 5209 548 5264 ἐπὶ
619 5219 693 5284 τῲ
746 5210 813 5266 δι’
886 5215 1044 5270 αὖτοῦ
1105 5214 1447 5291 ἐνεργηθῆναι
1512 5212 1578 5267 τὰ
1648 5212 1926 5267 τεκτονικὰ

2046 5206 2414 5268 laberentur.
2436 5204 2506 5266 Et
2537 5207 2663 5277 haec
2697 5218 2833 5268 sunt
2862 5209 3113 5287 maligna
3143 5208 3268 5270 Arii
3291 5218 3670 5284 nugamenta.

294 5296 425 5374 ἔργει·
492 5308 664 5357 Τιῧτα
735 5302 832 5375 μὲν
884 5304 917 5369 ἡ
991 5304 1198 5381 πονηρὰ
1279 5312 1372 5361 τοῦ
1458 5302 1661 5379 Ἀρείου
1710 5301 1922 5378 φατρία,

2045 5296 2127 5357 los
2155 5305 2353 5358 autem
2388 5299 2528 5376 quid
2555 5296 2669 5356 illis
2701 5298 2971 5359 dicemus
2994 5298 3351 5378 simpliciter
3381 5318 3449 5361 ac
3480 5307 3674 5361 recte?

295 5379 469 5462 ἸΙμεϊς
532 5389 586 5445 δέ
638 5412 687 5445 τι
718 5393 849 5470 τέρος
892 5395 1106 5455 τούτους
1135 5392 1353 5467 ἐροῦμεν
1382 5390 1581 5448 ἁπλοῦν
1622 5392 1710 5446 καὶ
1754 5390 1924 5461 εῦθές,

2045 5386 2177 5460 Quod
2204 5384 2253 5445 si
2285 5384 2342 5444 in
2380 5387 2491 5447 hoc
2523 5386 2769 5459 creavit,
2824 5397 2886 5449 ut
2940 5388 3105 5461 dicit,
3146 5388 3319 5450 Pater
3346 5388 3586 5454 Filium.
3616 5398 3672 5449 ut

287 5479 426 5539 ‘3);53.
486 5478 569 5535 ἐπὶ
626 5480 795 5555 τούτῳ
864 5481 1089 5552 ἔκτισεν,
1165 5483 1238 5546 ὥς
1310 5504 1461 5561 φατε,
1522 5484 1550 5537 6
1609 5482 1791 5558 Πατὴρ
1838 5481 1916 5535 τοι

2039 5482 2445 5537 ntrumentum
2474 5476 2719 5538 haberet
2745 5477 2816 5537 ad
2845 5476 3302 5559 completionem
3355 5487 3668 5548 creaturae,

294 5568 418 5639 Υἱὸι,
480 5568 577 5623 ’ἶνα
638 5564 861 5648 ὄργανον
891 5569 1001 5652 ἔχῃ
1032 5582 1215 5631 τοῦτον
1260 5574 1389 5650 πρὸς
1422 5570 1803 5647 συμπλήρωσιν
1831 5576 1923 5636 τῆς

2043 5564 2313 5643 ndignior
2344 5563 2520 5652 fuerit
2552 5566 2732 5627 Filius
2755 5576 3044 5629 creatura.
3082 5568 3230 5630 Nam
3264 5568 3418 5629 sicut
3448 5568 3672 5648 securi,

290 5659 533 5735 κτίσεως,
620 5658 931 5738 ἀτιμότερος
1034 5662 1179 5718 ’ἐσται
1258 5664 1284 5718 ὀ
1347 5664 1463 5725 ι’ἱὸς
1520 5663 1617 5727 τῆς
1675 5660 1919 5725 κτίσεως,

2043 5676 2151 5738 ιιιεε
2179 5660 2268 5717 est
2312 5649 2803 5733 instrumentum,
2837 5658 2949 5720 alia
2988 5676 3121 5739 quae
3178 5675 3281 5738 per
3332 5676 3461 5721 eam
3503 5658 3672 5732 ﬁunt,
