4126 6282
427 378 580 473 ms

1396 388 1989 480 THEOPHYLACTI
2033 410 2440 475 BULGARIJE
2485 387 2839 475 meumr.

3636 404 3796 472 ιιιι

422 532 688 619 digniora
718 550 854 603 sunt
889 560 900 603 :
938 536 1179 625 propter
1206 541 1309 603 illa
1331 542 1489 604 enim
1512 544 1760 618 securis,
1795 563 1911 605 non
1964 544 2061 607 illa

2147 526 2360 623 ’Ὠσπερ
2429 544 2529 623 γὰρ
2595 550 2687 602 106
2742 544 2949 623 πρίονος
3012 544 3232 623 ὀργάνου
3283 546 3430 609 ὃντος
3495 542 3791 618 τιμιώτερά

425 626 671 710 propter
699 630 982 698 securim;
1014 630 1094 691 ita
1114 640 1173 691 et
1191 640 1461 693 creatura
1484 631 1720 711 dignior
1743 642 1831 695 est
1856 634 2067 713 linige-

424 716 831 800 nito.Propter
862 718 1018 781 illam
1054 720 1308 793 enim,ut
1330 722 1537 782 dicunt
1567 721 1881 803 ipsi,Pater
1902 741 2067 785 crea-

421 807 503 869 vit
535 826 695 886 eum,
730 818 787 868 et
817 809 896 869 ita
920 818 982 869 ut
1012 809 1061 869 si
1099 828 1217 870 non
1244 809 1444 871 fuisset
1483 810 1638 873 Deus
1667 813 1869 873 omnia
1896 830 2067 873 crea-

424 905 611 968 tu'rus,
637 915 829 976 neque.
855 898 1220 976 unigenitum
1246 898 1804 979 procluxissetﬂuid
1838 901 1927 962 his
1949 919 2070 961 ver-

425 984 514 1046 bis
544 985 959 1066 insipientius?
1002 986 1218 1063 Etiam,
1262 988 1479 1069 inquit,
1522 997 1578 1050 et
1609 989 1902 1070 quomodo
1949 1007 2065 1052 non

421 1074 568 1136 dixit
598 1074 753 1155 quod
789 1076 985 1155 ipsum
1019 1076 1276 1138 Verbum
1308 1077 1516 1138 fecerit
1538 1076 1759 1150 omnia,
1795 1077 1899 1140 sed
1925 1097 2067 1141 usus

423 1171 508 1223 est
528 1164 1159 1245 przepositioneuperb
1196 1165 1534 1237 Quomodo?
1564 1165 1633 1228 Ut
1653 1186 1724 1227 ne
1747 1168 2069 1246 suspiceris

421 1251 590 1316 illum
621 1253 950 1331 ingenitum
994 1262 1049 1315 et
1075 1254 1299 1335 absque
1331 1254 1619 1335 principio
1660 1274 1794 1316 esse
1829 1256 2065 1334 Filium,

422 1352 481 1402 et
508 1340 627 1403 Deo
661 1341 1089 1417 adversarium,
1124 1344 1254 1424 ejus
1290 1346 1474 1421 gratia
1505 1344 1648 1405 dixit
1699 1346 1850 1426 quod
1897 1348 2070 1411 Pater

422 1450 531 1511 per
559 1429 819 1494 Verbum
874 1434 1079 1495 fecerit
1135 1434 1356 1497 omnia.
1416 1435 1598 1513 Finge
1648 1433 1806 1494 enim
1868 1454 2067 1514 regem

420 1521 735 1603 quemdam
759 1522 859 1600 qui
884 1522 1059 1584 habet
1092 1523 1368 1602 ﬁlium,et
1387 1525 1735 1584 conditurus
1767 1532 1855 1584 est
1875 1524 2072 1588 civita-

423 1610 624 1683 tem,ei
648 1610 1009 1672 concredere
1037 1610 1198 1674 illius
1215 1612 1675 1675 exstructionem
1689 1611 1874 1675 .Sicut
1891 1614 2066 1693 igitur

421 1699 629 1762 dicens
651 1700 807 1779 quod
831 1718 936 1779 per
957 1699 1171 1762 Filium
1193 1700 1349 1780 regis
1367 1702 1602 1763 condita
1623 1702 1697 1763 sit
1714 1702 2065 1780 civitas,non

422 1807 664 1852 servum
696 1788 840 1849 dicit
870 1790 1049 1850 ﬁlium
1078 1790 1217 1852 δυο
1240 1789 1421 1871 regis,
1450 1791 1551 1852 sed
1592 1800 1884 1855 monstrat
1908 1794 2063 1870 quod

2148 634 2245 689 εἰσι
2303 634 2368 689 τὰ
2425 630 2491 689 δι’
2549 632 2708 689 αὐτοῦ
2758 632 3030 710 γινόμενα·
3101 636 3128 689 6
3172 635 3269 713 γάρ
3299 633 3461 712 πρίων
3493 630 3559 688 δι’
3607 631 3795 687 ἐκεῖνα

2148 721 2381 799 ἐγένετο,
2435 721 2555 800 οὖχὶ
2629 722 2809 777 ἐκεῖνα
2864 720 2947 776 διὰ
3002 723 3091 777 τὸν
3148 734 3355 796 πρίονα·
3433 722 3568 778 οὕτω
3623 720 3709 775 καὶ
3750 721 3789 786 ἡ

2147 812 2314 874 κτίσις
2384 809 2672 888 τιμιωτέρα
2726 808 2870 866 ἔσται
2926 820 3017 868 106
3052 817 3398 889 Μονογενοῦς.
3450 808 3529 867 Δι’
3576 809 3789 874 εκείνην

2150 900 2271 979 γὲιρ,
2344 900 2419 963 ὡς
2492 897 2735 977 λέγουσιν
2774 900 2938 973 αὐτοὶ,
2978 901 3005 955 6
3036 902 3218 978 Πατὴρ
3246 899 3448 956 ἔκτισεν
3498 899 3672 956 αὐτὸν
3707 900 3785 961 ὡς

2145 986 2235 1043 ἐάν
2292 1007 2353 1064 γε
2398 985 2475 1055 μὴ
2546 985 2766 1061 ἔμελλεν
2797 987 2824 1041 6
2857 990 2985 1049 Θεὸς
3016 987 3185 1042 κτίσαι
3217 988 3280 1042 τὰ
3311 987 3385 1042 πά
3400 1008 3501 1056 ιτα,
3540 983 3655 1042 οὒδὲ
3694 987 3789 1040 τὸν

2149 1080 2422 1153 Μονογενῆ
2463 1076 2765 1153 παρήγαγε.
2825 1075 3032 1132 Τούτων
3083 1076 3188 1131 τῶν
3230 1075 3481 1152 ῥημάτων
3525 1075 3573 1129 τί
3619 1074 3783 1138 ἆνοηο

2147 1164 2358 1242 τότερον
2393 1179 2410 1235 ;
2463 1164 2583 1236 Ναὶ,
2615 1164 2767 1241 φησὶ,
2798 1164 2886 1219 καὶ
2916 1169 3030 1226 πῶς
3073 1167 3168 1222 οὒκ
3197 1164 3373 1241 εἶπεν,
3406 1165 3569 1225 Αὐτὸς
3602 1165 3629 1218 6
3677 1163 3787 1218 Λό-

2150 1273 2245 1331 γος
2301 1250 2519 1318 ἐποίησε
2580 1252 2644 1306 τὰ
2677 1253 2869 1330 πάντα,
2903 1250 3020 1307 ἀλλ’
3055 1250 3331 1331 ἐχρὴσατο
3357 1254 3524 1328 ταύτῃ
3652 1272 3792 1329 προ-

2150 1341 2286 1399 θέσει
2314 1346 2441 1417 τῇ,σ
2465 1339 2548 1399 διὰ
2580 1358 2596 1420 ;
2636 1347 2817 1419 σΠῶς;
2851 1332 2973 1397 ’Ὶνα
3004 1340 3080 1415 μὴ
3110 1340 3400 1420 ἀγέννητον
3428 1343 3515 1397 καὶ
3551 1339 3788 1419 ἄναρχον

2147 1431 2449 1509 ὑπονοήσῃς
2501 1430 2645 1486 εἶναι
2700 1430 2792 1486 τὸν
2825 1431 2940 1486 Υίὸν
2971 1431 3059 1485 καὶ
3088 1430 3339 1502 ἂντίθεον,
3371 1430 3557 1486 τούτου
3608 1428 3787 1485 ἕνεκεν

2151 1523 2327 1592 εἴπεο,
2400 1520 2472 1583 ὡς
2529 1520 2557 1573 6
2613 1519 2793 1598 Πατὴρ
2823 1517 2907 1573 διὰ
2933 1517 3023 1575 106
3051 1520 3223 1597 Λόγου
3250 1520 3471 1585 εποίησε
3499 1520 3565 1574 τὰ
3586 1519 3781 1577 πάντα.

2154 1600 2369 1670 Τπόθες
2439 1607 2537 1685 γάρ
2620 1628 2735 1663 τινα
2794 1607 2991 1687 ἔχοντα
3017 1609 3127 1663 υἱὸν
3154 1606 3403 1684 βασιλέα,
3440 1606 3700 1681 μέλλοντα
3728 1607 3785 1661 δὲ

2144 1698 2318 1755 κτίσαι
2390 1696 2564 1770 πόλιν,
2624 1695 2965 1771 ἐμπιστεῡσαι
3016 1702 3093 1769 τῷ
3149 1699 3245 1771 υἱῷ
3296 1697 3394 1763 τὴν
3440 1697 3634 1761 ταύτης
3662 1696 3780 1751 κτί⁶

2147 1808 2250 1844 σιν.
2284 1784 2300 1810 ’
2327 1796 2503 1863 Ωσπερ
2524 1794 2610 1844 οὖν
2642 1787 2670 1841 6
2713 1782 2907 1863 λέγων’
2960 1784 3057 1840 Διὰ
3112 1784 3204 1841 106
3238 1787 3355 1842 Υἱοῦ
3384 1794 3476 1843 106
3523 1783 3783 1860 βασιλέως

423 1878 521 1940 hic
549 1877 702 1939 ﬁlius
729 1877 943 1939 habeat
969 1888 1283 1960 patrem,et
1306 1898 1423 1941 non
1447 1880 1523 1941 sit
1541 1880 1706 1941 solus
1734 1899 1748 1940 :
1776 1880 1864 1943 sic
1889 1882 2061 1944 etiam

2149 1874 2359 1941 ἆκτίσθη
2406 1875 2440 1942 ἡ
2492 1872 2670 1952 πόλις,
2731 1874 2792 1930 οὐ
2853 1871 3035 1929 δοῦλον
3066 1873 3263 1951 εἰσάγει
3292 1875 3384 1928 τὸν
3427 1875 3535 1929 υἱὸν
3565 1880 3655 1930 τοῦ
3678 1874 3783 1949 βα-

425 1967 536 2028 hoc
556 1966 687 2028 loco
715 1968 1071 2047 evangelista
1090 1968 1297 2031 dicens
1314 1986 1420 2048 per
1439 1966 1648 2030 Filium
1670 1970 1819 2029 facta
1840 1970 2063 2045 omnia,

426 2055 815 2119 manifestavit
836 2058 993 2138 quod
1030 2062 1201 2120 Pater
1217 2058 1542 2120 mediatore
1565 2057 1665 2119 illo
1687 2057 1759 2120 ad
1780 2059 2066 2120 conditio-

426 2164 559 2223 nem
584 2159 805 2218 rerum,
834 2154 895 2207 ut
926 2147 1014 2210 sic
1044 2147 1266 2224 dicam,
1303 2165 1445 2209 usus
1474 2146 1674 2219 fuerit,
1707 2166 1825 2208 non
1854 2165 1919 2209 se
1953 2150 2066 2210 mi-

422 2252 591 2309 nore,
625 2234 728 2296 sed
758 2237 1006 2315 aequalis
1052 2236 1385 2316 potestatis,
1436 2244 1493 2296 et
1543 2245 1606 2298 ut
1654 2236 1881 2298 valente
1933 2238 2066 2298 talia

424 2323 997 2406 perﬁcere.lnsuper
1017 2326 1128 2387 huc
1161 2325 1263 2386 tibi
1288 2324 1537 2386 dixerim
1560 2324 1717 2405 quod
1740 2325 1790 2386 si
1811 2334 1865 2387 te
1889 2328 2067 2388 offen-

421 2410 508 2472 dit
527 2412 1369 2495 praepositioaperm-tquaeris
1394 2413 1660 2475 invenire
1684 2414 1742 2474 in
1766 2412 2070 2495 Scriptura

424 2517 762 2562 sermonem
783 2502 1096 2582 quemdam
1112 2503 1217 2583 qui
1238 2502 1396 2565 dicat
1408 2502 1565 2583 quod
1594 2500 1847 2564 Verbum
1874 2502 2068 2583 ipsum

422 2588 629 2653 feCerit
658 2591 1024 2667 omnia.audi
1051 2591 1233 2654 David
1267 2611 1283 2652 :
1325 2591 1654 2669 «Principio
1686 2600 1770 2665 tu,
1791 2592 2065 2665 Domine,

425 2686 644 2739 terram
696 2679 975 2757 fundasti,
1009 2689 1070 2741 et
1116 2700 1299 2759 opera
1347 2699 1625 2742 manuum
1675 2689 1900 2741 tuarum
1933 2689 2070 2741 sunt

420 2765 556 2829 cali
576 2766 980 2831 67°“.»Vides
1009 2768 1307 2851 quomodo
1335 2788 1449 2831 non
1482 2769 1862 2851 dixerit,quia
1884 2772 1997 2832 Per
2015 2779 2069 2830 te

422 2856 557 2918 facti
590 2862 731 2922 sunt
760 2859 982 2934 coeli,et
1013 2860 1255 2921 fundata
1291 2867 1379 2920 est
1406 2864 1567 2922 terra
1594 2878 1607 2921 :
1642 2860 1770 2931 sed,
1804 2859 1917 2921 «Τιι
1943 2861 2071 2920 fun-

418 2944 594 3018 dasti,
622 2952 685 3009 et
714 2966 894 3027 opera
927 2966 1202 3010 manuum
1233 2953 1469 3011 tuarum
1502 2953 1642 3010 sunt
1670 2947 1872 3011 «eli.-
1899 2946 2064 3021 Quod

419 3043 614 3097 autem
665 3039 790 3099 base
822 3040 897 3100 de
939 3038 1264 3120 Unigenito
1299 3038 1505 3119 David,
1543 3046 1601 3100 et
1632 3056 1749 3098 non
1794 3038 1868 3099 de
1899 3042 2068 3101 Patre

418 3122 789 3205 dicit,disces
820 3129 998 3191 etiam
1031 3130 1142 3191 hoc
1173 3128 1322 3189 etab
1348 3127 1478 3207 ipso
1501 3128 1738 3207 quidem
1761 3126 2064 3211 Apostoln,

2150 1961 2363 2033 σιλὲως,
2436 1960 2573 2019 ἀλλὰ
2625 1960 2903 2035 δείκνυσιν,
2960 1963 3040 2019 ὃτι
3090 1963 3239 2025 οὗτος
3296 1962 3323 2017 6
3378 1963 3486 2025 υἱὸς
3518 1960 3635 2041 ἔχει
3700 1962 3789 2017 καὶ

2148 2050 2370 2129 πατέρα,
2421 2052 2509 2107 καὶ
2570 2053 2628 2109 o6
2684 2051 2844 2124 μόνος
2903 2050 3064 2106 ἐστίν·
3137 2050 3275 2107 οὕτω
3331 2053 3417 2107 καὶ
3476 2051 3689 2107 ἐνταῦθα
3759 2053 3788 2106 6

2150 2140 2528 2219 εὖαγγελιστὴς
2591 2140 2752 2196 εἰπὼν
2837 2137 2919 2195 διὰ
2986 2139 3074 2195 τοῦ
3164 2140 3276 2195 υίοῦ
3354 2142 3665 2217 γεγενῆσθαι
3723 2138 3789 2193 τὰ

2150 2230 2344 2302 πάντα,
2417 2226 2687 2299 ἐδήλωσεν
2713 2229 2792 2284 ὃτι
2824 2230 2851 2285 6
2884 2229 3064 2307 Πατὴρ
3122 2228 3310 2305 μεσίτῃ
3365 2232 3504 2301 αὖτῷ
3529 2230 3659 2307 πρὸς
3694 2227 3788 2294 τὴν

2151 2317 2343 2399 κτίσιν,
2404 2314 2480 2373 ἵν’
2550 2316 2719 2381 οὕτως
2774 2316 2936 2391 εἴπω,
2971 2316 3264 2396 ἐχρήσατο,
3296 2320 3398 2396 οὐχ
3428 2318 3500 2380 ὼς
3550 2314 3785 2372 ἐλάττονι

2152 2409 2314 2482 αὐτῷ,
2375 2405 2512 2462 ἀλλὰ
2563 2408 2634 2472 ὡς
2693 2405 2895 2482 μᾶλλον
2949 2404 3271 2485 ἰσοδυνάμῳ,
3303 2409 3390 2461 καὶ
3446 2408 3519 2468 ὡς
3548 2406 3784 2485 ἰσχύοντι

2149 2496 2475 2564 τηλικαύτην
2526 2495 2765 2553 ἱκτελεῖν
2812 2494 3074 2555 ἐπίτασιν.
3136 2496 3232 2553 Καὶ
3287 2496 3439 2551 τοῦτό
3492 2517 3573 2552 σοι
3621 2494 3787 2574 λέγω,

2152 2584 2235 2643 ὅτι
2288 2585 2376 2641 ἐὰν
2439 2607 2498 2642 σε
2551 2587 2783 2664 ταράττῃ
2812 2587 2847 2654 ἡ
2886 2606 2909 2641 ι
2946 2582 3029 2642 διὰ
3056 2605 3086 2643 ι
3115 2584 3416 2661 πρόσθεσις,
3474 2585 3562 2641 καὶ
3618 2591 3789 2659 ζητῇς

2154 2677 2324 2754 εὑρεῖν
2380 2673 2435 2730 ἐν
2487 2676 2556 2742 τῆ
2600 2676 2783 2754 Γραιφῆ
2846 2674 2998 2751 ῥῆσίν
3026 2696 3141 2732 τινα
3184 2673 3437 2750 λέγουσαν
3467 2675 3547 2730 δτι
3583 2673 3731 2738 ’ὠτὸς
3760 2675 3789 2728 6

2154 2766 2320 2843 Λόγος
2377 2763 2591 2831 ἐποίησε
2655 2766 2722 2820 τὰ
2781 2785 2972 2836 παντα,
3020 2763 3174 2820 ἄκουε
3203 2770 3295 2819 τοῦ
3348 2760 3537 2819 Δαυΐδο
3574 2782 3604 2820 ι
3657 2760 3787 2820 Κατ’

2152 2854 2323 2933 ἀρχὰς
2395 2855 2479 2933 σὺ,
2545 2855 2717 2932 Κύριε,
2791 2853 2888 2919 τὴν
2940 2857 3042 2930 γῆν
3094 2851 3465 2933 ἐθεμελίωσας,
3521 2853 3609 2908 καὶ
3664 2850 3788 2929 ἔργα

2152 2944 2256 2999 τῶν
2319 2943 2516 3022 χειρῶν
2588 2942 2680 2998 σού
2750 2943 2879 2997 εἰσιν
2937 2944 2982 2997 οἱ
3043 2941 3267 3017 οὐρανοί.
3307 2964 3333 2994 ιι
3372 2931 3524 3018 (Ορᾷς
3550 2945 3661 3002 πὼς
3693 2940 3787 2996 οὖν.

2151 3032 2329 3102 εἶπεν,
2390 3034 2471 3088 ὃτι
2535 3032 2631 3087 Διὰ
2688 3037 2779 3086 σοῦ
2840 3030 3082 3109 ἒγένοντο
3128 3031 3174 3085 oi
3202 3031 3428 3108 οὐρανοὶ,
3460 3030 3546 3084 καὶ
3598 3028 3786 3102 ἐθεμε-

2150 3118 2315 3187 λιώθη
2360 3122 2394 3189 ἡ
2453 3124 2548 3198 γῆ,
2582 3118 2739 3189 ἀλλὰ,
2780 3142 2807 3172 ιι
2841 3120 2913 3173 Σὺ
2984 3116 3358 3193 ἐθεμελίωσας,
3391 3119 3479 3172 καὶ
3509 3116 3633 3195 ἔργα
3658 3138 3786 3196 χει-

418 3213 517 3293 qui
550 3192 732 3278 utitur
761 3218 871 3279 hoc
894 3218 1056 3281 dicto
1084 3218 1144 3279 in
1175 3192 1422 3300 epistola
1454 3192 1534 3278 ad.
1562 3192 1866 3279 Hebraeos.
1891 3192 2061 3280 Dices

2147 3215 2250 3287 ρῶν
2281 3210 2373 3265 σού
2428 3211 2578 3268 εἰσιν,
2610 3230 2634 3266 ι
2694 3200 2822 3265 υοτι
2854 3206 2906 3262 δὲ
2936 3215 3095 3263 ταῦτα
3126 3208 3241 3284 περὶ
3264 3214 3358 3263 τοῦ
3404 3212 3728 3284 Μονογενοῦς
3756 3206 3787 3261 6

415 3322 649 3385 quoque
674 3327 740 3369 ex
774 3308 985 3370 eodem
1020 3310 1243 3389 psalmo
1273 3327 1407 3370 cum
1437 3307 1619 3370 dicit:
1661 3304 2060 3368 «Dominusin

416 3397 635 3456 terram
670 3398 919 3478 aspexit,
954 3408 1015 3458 ιιι
1060 3398 1261 3460 audiat
1303 3398 1610 3477 gemitum,
1646 3404 1703 3455 et
1760 3404 1823 3455 ut
1879 3403 2062 3458 solvat

417 3484 825 3561 mortiﬁcatos,
856 3493 917 3550 et
937 3495 1003 3548 ut
1033 3485 1345 3548 annuntiet
1374 3486 1433 3545 in
1487 3483 1625 3546 Sion
1687 3502 1902 3545 nomen
1936 3484 2054 3544 Do-

417 3570 650 3636 mini49.
664 3575 973 3655 nNunquid
990 3576 1167 3636 alium
1182 3573 1477 3651 signiﬁcat
1494 3590 1670 3652 quam
1684 3572 1900 3634 Filium
1921 3572 2059 3633 Dei?

414 3656 521 3745 Hic
553 3661 711 3723 enim
755 3662 815 3724 in
844 3672 1061 3725 terram
1084 3663 1330 3744 aspexit,
1360 3664 1480 3723 sive
1512 3662 1663 3722 hanc
1694 3661 1853 3723 dicas
1884 3679 2057 3741 (luam

413 3746 967 3823 inhabitamus,sive
997 3753 1148 3814 hanc
1168 3761 1428 3813 nostram
1448 3760 1714 3812 naturam
1740 3768 1871 3830 quas
1890 3758 2059 3810 terra.)

412 3837 674 3903 involuta
700 3841 944 3914 est,sive
977 3841 1400 3920 carnemjuxta
1428 3838 1595 3913 illud,
1638 3865 1663 3893 ιι
1692 3838 1874 3900 Terra
1905 3860 1988 3900 es.
2026 3865 2051 3893 ι

411 3927 595 4000 Quam
629 3938 687 3991 et
714 3930 1059 4011 assumpsit,
1082 3930 1371 4010 solvitque
1404 3947 1512 3989 nos
1542 3926 1909 4006 compeditos
1924 3947 2055 4007 pec-

412 4023 675 4079 eatorum
706 4018 978 4095 vinculis,
1013 4029 1070 4081 et
1100 4019 1254 4080 ﬁlios
1286 4018 1618 4079 occisorum
1659 4016 1804 4077 Adae
1833 4016 2057 4081 scilicet

412 4111 473 4167 et
492 4104 649 4189 Eva),
684 4118 743 4169 ut
772 4110 1084 4173 annuntiet
1113 4109 1172 4169 in
1200 4108 1340 4171 Sion
1360 4126 1575 4169 nomen
1600 4105 1833 4170 Domini
1879 4103 2055 4167 Stans

411 4193 569 4257 enim
592 4196 652 4258 in
673 4198 897 4278 templo
914 4198 1115 4260 docuit
1135 4198 1209 4260 de
1228 4200 1400 4261 Patre
1412 4193 2050 4273 suo,quemadmodum

410 4292 471 4346 et
501 4287 627 4365 ipse
658 4286 838 4352 dicit:
879 4313 903 4344 ιι
939 4286 1306 4350 Manifestavi
1338 4305 1558 4347 nomen
1591 4296 1755 4345 tuum
1788 4283 2049 4343 homini-

409 4459 666 4526 Omnino
697 4463 846 4527 Filio
877 4467 1025 4528 Nam
1058 4464 1187 4545 ipse
1209 4462 1577 4525 annuntiavit
1612 4479 1829 4523 nomen
1864 4460 2054 4523 Patris

409 4548 471 4611 in
498 4550 828 4614 Jerusalem
860 4540 1106 4615 docens:
1144 4555 1347 4632 Itaque
1394 4559 1702 4631 postquam
1753 4547 1879 4608 haec
1909 4548 2053 4607 dixit.

2144 4544 2304 4606 ἑστὼς
2347 4541 2579 4599 ὶδίόάσκε
2628 4541 2745 4619 περὶ
2802 4549 2893 4599 τοῦ
2957 4540 3159 4618 Πατρὸς
3242 4541 3399 4596 αὖτοῦ
3433 4555 3447 4569 ⁸

2149 3296 2336 3378 Δαυίδ,
2368 3296 2485 3354 ἀλλ’
2521 3301 2580 3355 οὔ
2610 3300 2726 3373 περὶ
2758 3304 2848 3353 τοῦ
2879 3299 3080 3375 Πατρὸς
3137 3294 3303 3374 λέγει,
3353 3294 3540 3370 μάθοις
3586 3294 3649 3349 ἄν
3698 3296 3786 3350 καὶ

2142 3387 2235 3443 ἀπ’
2291 3386 2445 3443 αὐτοῦ
2473 3395 2565 3444 106
2622 3384 2974 3455 Ἀποστόλυ),
3011 3384 3396 3464 ωγχρωμένου
3446 3392 3522 3458 τῷ
3558 3391 3704 3462 ρητῴ
3731 3381 3785 3438 ἓν

2140 3481 2208 3552 τῇ
2264 3478 2391 3553 πρὸς
2444 3466 2740 3554 Ἐϐραίους·
2795 3475 2979 3550 μάθοις
3038 3471 3079 3528 δ’
3115 3474 3175 3529 ἄν
3205 3476 3292 3528 καὶ
3340 3470 3431 3529 ἀπ’
3486 3475 3641 3529 αὑτοῦ
3696 3479 3786 3529 τοῦ

2143 3562 2381 3640 ψαλμου.
2448 3564 2621 3620 Εἰπὼν
2676 3564 2802 3640 γὰρ,
2840 3562 2919 3617 ὅτι
2957 3586 2984 3616 ιι
3019 3559 3078 3620 Ὀ
3114 3563 3297 3639 Κύριος
3351 3559 3648 3637 ἐπέὸλεψεν
3702 3561 3809 3617 ἔπι

2141 3655 2239 3719 τὴν
2270 3653 2393 3731 γῆν,
2447 3654 2537 3708 τοῦ
2587 3652 2804 3709 ἀκοῦσαι
2853 3658 2945 3708 106
3000 3661 3318 3729 στεναγμοῦ,
3348 3652 3435 3706 καὶ
3484 3649 3636 3706 λῦσαι
3666 3652 3784 3714 τοὺς

2143 3742 2626 3821 τεθανατωμένους,
2712 3742 2798 3797 καὶ
2874 3748 2966 3798 τοῦ
3041 3738 3357 3817 ἀναγγεῖλαι
3432 3740 3486 3795 ἐν
3539 3741 3678 3795 Σιὼν
3725 3741 3788 3796 τὸ

2142 3830 2308 3906 ὄνομα
2365 3831 2573 3909 Κυρίου,
2633 3850 2658 3887 ι
2695 3830 2810 3885 τίνα
2870 3828 3031 3887 ἄλλοι
3101 3827 3282 3901 δηλοῖ,
3341 3827 3373 3894 ἤ
3425 3829 3517 3885 τὸν
3551 3828 3668 3884 ι’ἱόν
3696 3834 3790 3885 τοῦ

2141 3930 2270 3977 Θεου
2300 3940 2317 3992 ;
2373 3920 2535 3984 Οὗτος
2566 3921 2664 3997 γὰρ
2690 3919 2776 3975 ἐπὶ
2810 3920 2905 3985 τὴν
2936 3920 3040 3996 γῆν
3087 3916 3403 3999 ἐπέϐλεψεν,
3437 3918 3548 3974 εἴτε
3589 3919 3786 3985 ταύτην

2138 4011 2217 4074 ἐφ’
2268 4010 2333 4078 ἧς
2392 4010 2699 4084 κινούμεθα,
2746 4005 2858 4063 εἴτε
2912 4008 3012 4073 τὴν
3070 4006 3335 4087 ἡμετέραν
3358 4008 3509 4086 φύσιν
3538 4008 3634 4074 τὴν
3662 4027 3795 4084 γεω-

2135 4103 2350 4178 θεῖσαν,
2414 4097 2526 4153 εἴτε
2582 4098 2680 4163 τὴν
2730 4098 2921 4176 σάρκα,
2981 4098 3116 4152 κατὰ
3156 4097 3215 4151 τὸ
3264 4118 3291 4150 ι
3326 4097 3400 4163 Γῆ
3430 4097 3513 4177 εἴ,
3551 4119 3573 4152 ιι
3610 4095 3676 4163 ἢν
3705 4098 3793 4153 καὶ

2135 4187 2518 4267 προσείληφεν,
2578 4184 2731 4241 ἔλυσε
2777 4206 2835 4241 τε
2884 4188 3029 4261 ἡμᾶς
3088 4186 3209 4249 τοὺς
3242 4184 3636 4261 πεπεδημένους
3668 4198 3790 4247 ταῖς

2136 4282 2241 4332 τῶν
2297 4276 2504 4331 οἰκείων
2564 4274 2961 4353 ἁμαρτημάτων
3019 4272 3277 4348 πλοκαῖς,
3332 4275 3419 4329 καὶ
3486 4275 3625 4334 υἱοὺς
3685 4280 3791 4328 τῶν

409 4358 789 4439 διιελδ.»Ηεεο
822 4377 998 4455 igitur
1028 4376 1124 4438 cui
1153 4372 1759 4455 congruunt?Patrine
1778 4390 1851 4433 an
1877 4370 2054 4433 Filio?

2144 4364 2595 4442 τεθανατωμένων,
2647 4370 2739 4419 τοῦ
2798 4360 2966 4437 Ἀδὰμ
3026 4364 3111 4417 καὶ
3158 4367 3255 4428 τῆς
3293 4362 3446 4434 Εῧας,
3482 4364 3568 4417 καὶ
3623 4362 3794 4438 ἀνήγ-

2135 4452 2308 4534 γειλεν
2368 4453 2423 4508 ἐν
2483 4453 2621 4507 Σιὼν
2670 4454 2734 4507 τὸ
2787 4450 2957 4525 ὄνομα
3009 4451 3214 4529 Κυρίου,
3256 4450 3345 4507 Ἐν
3396 4454 3498 4529 γάρ
3546 4455 3621 4524 τῷ
3669 4454 3793 4530 ἱερῴ

3509 4544 3643 4595 καθὰ
3714 4562 3781 4595 κα

408 4634 963 4721 David,subdit:cEt
992 4650 1053 4703 tu
1074 4640 1147 4704 ab
1177 4626 1882 4718 initio,Domi'ne,terram
1915 4637 2044 4696 fud-

2144 4634 2292 4698 αὐτὸς
2337 4631 2481 4710 λέγει
2507 4645 2521 4660 ⁶
2590 4649 2618 4687 ι
2675 4627 3017 4709 Ἐφανέρωσά
3061 4650 3154 4684 σου
3198 4632 3256 4684 τὸ
3301 4630 3467 4704 ὄνομα
3510 4643 3625 4691 τοῖς
3683 4629 3777 4683 ἀν-

407 4726 583 4802 dasti,
609 4735 671 4792 et
692 4749 872 4811 opera
895 4748 1171 4792 manuum
1204 4738 1434 4790 tuarum
1467 4736 1604 4787 sunt
1634 4724 1766 4787 coeli
1804 4726 2054 4788 nAnnon

411 4817 727 4879 manifeste
756 4818 968 4881 Filium
1002 4818 1229 4881 inducit
1259 4819 1565 4890 factorem,
1597 4824 1653 4875 et
1685 4834 1801 4874 non
1829 4814 2051 4875 instru-

409 4911 712 4969 mentum?
735 4908 904 4982 Quod
928 4908 978 4969 si
1012 4906 1349 4989 przepositio
1385 4903 2052 4986 «pen-diminutionem

409 4995 513 5056 tibi
539 4995 824 5059 inducere
848 4996 1245 5076 videtur.quid
1266 4995 1431 5057 dices
1462 5012 1594 5054 eum
1619 4991 1841 5054 Paulus
1871 5009 2054 5071 appo-

409 5094 505 5147 nat
552 5087 704 5148 hanc
759 5085 945 5148 Patri?
991 5084 1134 5147 dicit
1166 5084 1326 5146 enim
1364 5103 1377 5145 λ
1420 5109 1444 5136 ι
1480 5080 1704 5144 Fidelis
1732 5080 1914 5148 Deus,
1949 5098 2055 5159 per

406 5193 583 5255 quem
616 5175 805 5238 vocati
828 5192 1032 5236 sumus
1050 5174 1110 5236 in
1133 5173 1479 5236 societatem
1502 5169 1634 5233 Filii
1658 5169 1748 5229 sui
1769 5169 1852 5229 44.
1871 5166 2052 5229 »Νυιῐι

408 5262 869 5325 instrumentum
894 5263 1005 5324 hoc
1052 5263 1182 5325 loco
1226 5261 1367 5323 facit
1416 5260 1685 5323 Patrem?
1714 5256 1783 5318 Et
1813 5256 2052 5332 iterum,

415 5349 661 5431 «Paulus
690 5353 992 5434 apostolus
1021 5370 1126 5433 per
1142 5351 1500 5415 voluntatem
1526 5345 1838 5409 Deik'mEt
1863 5345 1935 5406 de
1963 5345 2054 5406 his

403 5440 643 5520 quidem
662 5442 1177 5506 satis.Redeamus
1191 5441 1262 5501 ad
1282 5459 1351 5502 ea
1370 5439 1526 5500 unde
1550 5434 1799 5516 digressi
1824 5453 2047 5496 sumus.

408 5554 432 5582 α
454 5527 667 5594 Omnia
692 5549 800 5611 per
826 5532 1017 5611 ipsum
1054 5530 1206 5592 facta
1235 5537 1395 5590 sunt.
1425 5550 1451 5583 ι
1491 5532 1684 5587 Moses
1709 5522 1951 5605 quidem
1974 5544 2049 5609 ap

477 5662 620 5713 53'“
652 5662 803 5727 Ρωι.
838 5680 918 5739 οι,
952 5662 1054 5725 26.
1142 5664 1199 5715 4³
1226 5662 1377 5726 Ibid.
1414 5661 1637 5724 20-22.

2137 4720 2389 4801 θρώποις.
2429 4743 2452 4777 ι
2505 4726 2677 4777 Ταῦτα
2738 4718 2909 4775 τοίτυν
2953 4718 3051 4774 τίνι
3119 4720 3424 4796 ἁρμόζουσι,
3475 4725 3552 4792 τῷ
3599 4720 3780 4795 Πατρὶ,

2138 4811 2173 4879 ἢ
2228 4816 2304 4885 τῷ
2363 4811 2507 4884 Υἶῷς
2561 4808 2737 4864 Πάντα
2778 4814 2857 4882 τῷ
2902 4810 3028 4881 Υἱῴ.
3065 4810 3225 4870 Αὐτὸς
3258 4810 3358 4886 γὰρ
3398 4807 3682 4885 ἀνήγγειλε
3728 4810 3786 4863 τὸ

2138 4901 2306 4976 ὄνομα
2360 4905 2452 4955 τοὺ
2497 4898 2725 4975 Πατρὸς,
2782 4894 3064 4954 διδάσκων.
3122 4898 3267 4952 Μετὰ
3324 4904 3449 4975 γοὺν
3506 4900 3565 4953 τὸ
3622 4900 3786 4953 ταῦτα

2139 4992 2306 5046 εἰπεῖν
2362 4989 2389 5043 6
2441 4987 2696 5065 μακάριος
2764 4984 2953 5066 Δαυῖδ,
3000 4986 3187 5065 ἐπάγει
3224 5001 3237 5014 ⁹
3302 5010 3327 5040 ιι
3390 4987 3493 5045 Καὶ
3550 4988 3612 5041 σὺ
3668 4984 3785 5041 κατ’

2137 5080 2336 5159 ἀρχὰς,
2370 5074 2550 5148 Κύριε,
2608 5076 2708 5141 τὴν
2759 5079 2862 5151 γῆν
2918 5073 3292 5150 ίθεμελίωσας,
3370 5078 3456 5132 καὶ
3516 5074 3636 5154 ἔργα
3684 5082 3788 5129 τὼν

2140 5174 2340 5249 χειρῶν
2385 5164 2479 5220 σού
2537 5165 2665 5219 εἰσιν
2711 5164 2758 5218 οἱ
2809 5165 3037 5240 οὖρανοί.
3085 5187 3111 5219 ι
3171 5159 3284 5243 Ἆρ’
3318 5173 3376 5222 0-3
3422 5172 3654 5246 για-μεθεὶς
3714 5168 3803 5220 τῂν

2142 5258 2263 5314 Υἱὸν
2320 5253 2628 5330 παρεισάγει
2681 5253 2937 5325 ποιητὴν,
2999 5252 3119 5310 ἀλλ’
3181 5256 3275 5311 οὐκ
3332 5254 3599 5334 ὄργανον;
3645 5256 3703 5311 Εἰ
3746 5253 3797 5310 δὲ

2141 5344 2304 5403 πάλιν
2360 5344 2395 5409 ἡ
2459 5362 2481 5397 ι
2518 5340 2601 5397 διὰ
2638 5365 2662 5395 ιι
2712 5341 2958 5418 πρόθεσις
3016 5342 3194 5423 ὕφεσίν
3229 5364 3344 5398 τινα
3388 5340 3537 5398 δοκεῖ
3569 5363 3653 5397 σοι
3684 5343 3761 5397 εἰσ
3785 5372 3796 5384 ο

2134 5437 2310 5513 άγειν,
2357 5432 2407 5488 τί
2462 5432 2676 5511 φήσεις,
2737 5429 2861 5487 ὅταν
2922 5435 2949 5489 6
3012 5431 3214 5493 Παῦλος
3280 5437 3400 5509 τιθῇ
3454 5434 3654 5498 ταύτην
3716 5431 3793 5496 ἐπὶ

2132 5538 2225 5587 106
2258 5523 2460 5601 Πατρός
2490 5540 2506 5601 ;
2540 5525 2683 5590 Φησὶ
2712 5523 2813 5602 γάρ
2849 5538 2863 5552 '
2904 5546 2931 5579 α
2960 5526 3152 5589 Πιστὸς
3186 5527 3213 5580 6
3252 5526 3405 5598 Θεὸς,
3445 5523 3510 5581 δι’
3548 5524 3608 5581 οὗ
3630 5522 3793 5591 tida},—

1723 5657 1779 5706 ⁸³
1806 5659 1979 5724 Joan.
2009 5680 2155 5737 xvn,
2184 5660 2247 5723 6.
2335 5652 2439 5718 “1
2468 5652 2605 5717 Cor.
2631 5668 2675 5736 1,
2699 5655 2760 5719 9.
2849 5653 2904 5699 ⁸⁵
2932 5653 3084 5722 Ibid.
3122 5658 3177 5719 1.
