4140 6280
296 400 450 462 1145

998 397 1443 459 ENARRATIO
1487 397 1567 458 IN
1616 393 2122 459 EVANGELIUM
2168 396 2510 457 JOANNIS.
2562 425 2635 439 —-
2680 396 2847 457 CAP.
2911 395 2933 457 Ι

3520 391 3669 455 1146

285 534 458 607 θημεν
521 532 594 593 είς
646 530 925 586 κοινωνίαν
981 531 1075 586 :06
1119 531 1237 585 1‘106
1291 528 1447 587 «6:06
1478 551 1504 583 ι
1567 516 1696 606 τλρα
1730 526 1946 606 ὄργανον

2034 524 2248 587 visibili
2270 535 2542 588 creatura
2566 527 2837 608 loquens,
2875 526 3021 588 nihil
3050 524 3222 587 nobis
3271 524 3345 587 de
3388 522 3670 586 mentali-

291 618 514 675 ἐνταῦθα
556 631 707 675 ποιεῖ
767 619 858 674 τὸν
918 616 1182 696 Πατέρα;
1245 618 1343 674 Καὶ
1401 615 1579 679 πάλιν,
1651 636 1679 670 α
1738 614 1944 676 Παῦλος

296 704 599 769 ἀπόστολος
657 703 742 762 διὰ
797 704 1092 779 θελήματος
1154 711 1304 765 Θεοῦ.
1352 723 1382 763 )
1433 702 1611 779 Ἀλλὰ,
1658 710 1820 759 ταῦτα
1850 702 1947 775 μὲν

291 795 450 851 ἱκανά
483 810 496 824 '
552 794 829 851 επανιτέον
888 793 941 849 δὲ
985 792 1143 850 πάλιν
1201 791 1317 849 ὅθεν
1366 790 1644 866 ἐξέϐημεν,
1709 811 1739 851 ‹
1775 792 1947 847 Πάντα

204 926 216 932 -
294 881 365 938 δι’
423 885 577 941 16:06
608 883 833 960 ἐγένετο
876 904 905 942 ›
944 888 1141 949 Μωσῆς
1190 882 1288 957 μὲν
1315 882 1431 958 περὶ
1474 886 1571 947 τῆς
1602 883 1798 960 ὁρατῆς
1827 880 1948 937 κτί-

295 993 429 1038 σεως
487 969 776 1045 διαλαϐὼν,
812 971 957 1028 οὒδὲν
1008 973 1144 1046 ἡμῖν
1189 971 1306 1049 περὶ
1351 970 1457 1026 τῶν
1504 976 1709 1036 νοητῶν
1739 969 1945 1048 διετρά-

298 1082 467 1117 νωσεν
504 1077 518 1092 ’
554 1063 582 1117 ὁ
626 1058 671 1115 δ’
717 1059 1100 1137 εὖαγγελιστης
1158 1060 1231 1115 ἑνὶ
1283 1058 1479 1135 ῥήματι
1525 1060 1695 1115 πάντα
1726 1056 1947 1135 περιλα-

296 1148 430 1229 ϐὼν,
494 1149 624 1228 φησί
657 1164 671 1179 ’
728 1171 751 1203 ε
804 1150 979 1205 Πάντα
1021 1148 1091 1203 δι’
1132 1152 1290 1206 «6:06
1331 1146 1562 1224 ἐγένετο,
1602 1172 1628 1203 ι
1678 1149 1745 1203 τὰ
1788 1148 1949 1221 ὁρατὰ

294 1241 380 1295 καὶ
432 1240 497 1296 τὰ
552 1240 739 1305 νοητά.
792 1262 818 1293 ε
856 1241 953 1296 Καὶ
1008 1239 1174 1318 χωρὶς
1218 1240 1375 1295 «6:06
1432 1236 1641 1314 ἐγένετο
1666 1235 1780 1295 οὖδέ
1810 1236 1888 1310 ἓν,
1920 1237 1948 1291 ὃ

294 1327 533 1405 γέγονεν.
587 1350 612 1384 ι
663 1325 884 1393 Ἐπειδὴ
943 1327 1121 1407 εἶπεν,
1177 1326 1255 1383 ὅτι
1299 1327 1472 1382 πάντα
1516 1326 1670 1390 αυτὸς
1717 1325 1943 1399 ἔκτισεν,

291 1416 387 1473 ’ἶνα
443 1417 521 1492 μὴ
582 1417 776 1492 νομίσῃ
804 1438 907 1484 τις,
945 1413 1024 1472 ὅτι
1056 1416 1143 1471 καὶ
1188 1417 1250 1472 τὸ
1282 1422 1493 1491 Πνεῦμα
1521 1416 1582 1471 τὸ
1612 1414 1761 1493 ἅγιον
1792 1416 1946 1476 αὐτὸς

295 1505 496 1579 ἔκτισε,
542 1506 906 1585 προστίθησιν,
939 1502 1019 1561 ὅτι
1059 1527 1087 1560 α
1116 1504 1292 1561 Πάντα
1323 1502 1387 1559 δι’
1449 1507 1605 1563 «6:06
1635 1503 1864 1581 ἐγένετο.
1917 1526 1944 1559 ι

302 1601 439 1651 Ποῖα
495 1593 550 1650 δὲ
607 1592 778 1650 πάντα
819 1612 835 1667 ;
867 1594 943 1652 Τὰ
997 1594 1258 1671 γενόμενα
1291 1608 1305 1623 ’
1340 1592 1518 1670 ὥσπερ
1548 1594 1591 1649 εὶ
1634 1591 1832 1671 ἔλεγεν,
1869 1590 1947 1649 ὅτι

298 1682 363 1741 Ei’
427 1705 480 1740 τι
513 1682 626 1741 ἔστι
678 1688 778 1751 τῆς
833 1688 1095 1761 γεννητῆς
1143 1683 1368 1764 φύσεως,
1400 1685 1578 1741 ἓκετνο
1606 1681 1820 1762 γέγονεν
1848 1683 1949 1739 ὑπὸ

2031 614 2139 676 bus
2160 614 2952 692 maniiestavit.Evangelista
2971 623 3163 677 autem
3183 633 3301 676 uno
3326 613 3503 676 verbo
3518 631 3675 674 com-

2030 703 2237 783 plexus
2265 705 2486 778 omnia,
2522 704 2753 784 inquit,
2808 728 2835 758 α
2869 700 3078 767 Omnia
3137 720 3243 783 per
3296 703 3486 783 ipsum
3524 702 3675 763 facta

2031 800 2352 868 sunt,»tam
2373 793 2624 855 visibilia
2645 811 2822 873 quam
2855 790 3257 866 invisibilia”,
3272 791 3376 853 «Et
3394 792 3522 853 sine
3543 790 3671 872 ipso

2031 882 2248 943 factum
2281 891 2370 944 est
2402 882 2545 943 nihil
2572 882 2725 963 quod
2752 881 2968 943 factum
2996 889 3141 944 est.»
3172 881 3321 954 Quia
3343 880 3484 942 dixit
3510 879 3665 961 quod

2033 971 2231 1031 omnia
2260 970 2485 1046 fecerit,
2519 980 2582 1032 ut
2613 990 2687 1033 ne
2713 971 2847 1051 quis
2878 971 3174 1032 existimet
3200 969 3357 1049 quod
3390 978 3446 1031 et
3476 968 3666 1049 Spiri-

2033 1065 2154 1120 tum
2184 1068 2451 1121 sanctum
2478 1060 2786 1134 creaverit,
2815 1060 3057 1141 apponit
3087 1059 3245 1140 quod
3287 1085 3313 1114 α
3348 1060 3547 1120 omnia
3569 1076 3674 1137 per

2031 1145 2224 1227 ipsum
2248 1146 2416 1208 facta.
2436 1174 2455 1202 ι
2492 1147 2562 1210 Et
2589 1168 2721 1232 quae
2754 1148 2985 1211 omnia?
3013 1149 3155 1221 Qua;
3178 1150 3328 1211 facta
3359 1158 3664 1227 suntzper-

2032 1235 2170 1296 inde
2199 1255 2269 1297 ac
2296 1236 2347 1297 si
2378 1236 2627 1311 diceret,
2652 1238 2805 1319 quod
2832 1237 2890 1301 Si
2922 1238 3062 1319 quid
3098 1246 3185 1301 est
3205 1257 3273 1299 ex
3306 1237 3667 1299 μείω-³510

2031 1323 2291 1398 condita,
2319 1326 2461 1387 illud
2487 1326 2700 1389 factum
2736 1338 2822 1389 est
2852 1347 2885 1388 a
2915 1327 3112 1391 Verbo
3144 1350 3156 1387 :
3193 1328 3449 1408 Spiritus
3476 1336 3671 1389 autem

2032 1415 2168 1494 quia
2202 1432 2317 1474 non
2351 1414 2618 1478 estillius
2651 1418 2817 1478 facta:
2854 1426 3079 1479 natura:
3101 1436 3217 1478 non
3256 1418 3444 1480 factus
3475 1426 3563 1477 est
3596 1415 3670 1478 ab

2032 1520 2121 1564 eo.
2153 1503 2355 1584 Itaque
2386 1505 2514 1566 sine
2544 1504 2944 1569 virtuteVerbi
2978 1506 3127 1568 nihil
3158 1506 3373 1570 factum
3407 1505 3669 1586 estquod

2033 1589 2248 1653 factum
2292 1600 2402 1664 est,
2436 1594 2493 1655 id
2527 1604 2636 1666 est,
2671 1594 2827 1677 quod
2874 1605 2963 1656 est
3014 1604 3221 1657 natura
3270 1595 3429 1656 illius
3458 1602 3674 1656 creatae

2031 1698 2099 1742 ac
2114 1680 2299 1745 factae.

295 1779 386 1829 τοῦ
416 1774 611 1849 Λόγου,
644 1773 706 1828 τὸ
736 1770 789 1827 δὲ
825 1777 1034 1845 Πνεῦμα
1066 1774 1159 1829 οὒκ
1182 1770 1324 1827 ἔστιν
1346 1772 1432 1828 ἐπὶ
1452 1777 1548 1838 τῆς
1566 1776 1830 1849 γεννητῆς
1860 1770 2089 1851 φύσεως,
2124 1769 2203 1829 διὸ
2225 1772 2339 1829 οὒδὲ
2368 1773 2585 1852 γέγονεν
2615 1774 2703 1830 ὐπ’
2738 1775 2916 1836 «6:06.
2951 1776 3120 1854 Χωρὶς
3146 1776 3231 1832 οὖν
3262 1780 3359 1842 τῆς
3384 1773 3475 1831 τοῦ
3502 1774 3674 1852 Λόγου

294 1860 565 1935 δυνάμεως
597 1858 743 1919 οὐδὲν
776 1859 985 1938 ἐγένετο
1015 1861 1043 1916 ὃ
1073 1859 1315 1941 γέγονεν,
1340 1861 1453 1917 ἀντὶ
1482 1868 1594 1933 τοῦ,
1631 1862 1658 1917 ὃ
1686 1865 1979 1939 γενννητῆς
2010 1860 2212 1939 φύσεως
2248 1867 2339 1931 ἦν,

301 1974 328 2003 α
378 1948 467 2007 Ἐν
525 1947 670 2023 αὒτῷ
718 1949 831 2020 ζωὴ
887 1950 977 2029 ἧν,
1032 1950 1119 2005 καὶ
1166 1950 1200 2017 ἡ
1243 1948 1356 2019 ζωὴ
1386 1951 1455 2014 ἦν
1489 1950 1548 2005 τὸ
1578 1955 1687 2028 φῶς
1716 1951 1820 2005 τῶν
1856 1947 1946 2002 ἂν-

2119 1947 2295 2012 Vsas.
2328 1952 2386 2015 4.
2435 1950 2529 2012 vin
2564 1952 2688 2030 ipso
2710 1951 2827 2013 vita
2851 1961 3062 2029 erat,et
3082 1953 3330 2015 vitaerat
3348 1952 3443 2014 lux
3474 1952 3673 2013 homi-

298 2040 551 2117 θρώπων.
599 2060 629 2093 ι
690 2040 749 2096 Οἱ
806 2038 903 2113 μὲν
956 2040 1043 2095 οὖν
1090 2037 1539 2116 Πνευματομάγοι
1570 2036 1735 2100 οὕτως
1766 2037 1949 2113 ἆναγι·

296 2129 554 2184 νώσκουσι
618 2128 678 2183 τὸ
734 2128 899 2205 παρὸν
942 2126 1140 2206 χωρίον
1178 2148 1187 2159 ’
1229 2127 1326 2184 Καὶ
1358 2127 1523 2205 χωρὶς
1558 2128 1714 2183 «6:06
1744 2124 1953 2203 ἐγένετο

298 2214 415 2273 οὐδὲ
455 2215 512 2271 ἓν
544 2234 560 2252 ⁶
610 2216 734 2273 εἶτα
776 2215 995 2295 ἐνταῦθα
1042 2214 1328 2295 στίξαντες,
1390 2214 1837 2292 ἀναγινώσκουσιν
1879 2216 1953 2278 ὡς

296 2302 389 2384 ἀφ’
434 2303 618 2383 ἐτέρας
647 2305 825 2384 ἀργῆς
862 2322 877 2339 °
927 2288 1004 2362 ιὈ
1048 2304 1289 2382 γέγονεν,
1313 2288 1377 2360 ⁷ἐν
1409 2288 1550 2377 αὑτῷ
1578 2303 1691 2374 ζωὴ
1720 2303 1786 2370 ἧν
1820 2320 1833 2333 ⁵
1867 2305 1954 2359 καὶ

300 2394 650 2470 ἑρμηνεύουσι
693 2394 829 2450 κατὰ
870 2416 962 2450 τον
993 2395 1188 2450 οἰκεῖον
1223 2399 1339 2448 νοῦν
1386 2393 1446 2448 τὸ
1494 2392 1715 2471 χωρίον,
1762 2389 1953 2470 λέγον-

299 2504 387 2544 τες
448 2479 528 2538 ὅτι
593 2482 811 2539 ἐνταῦθα
865 2484 982 2562 περὶ
1029 2483 1122 2539 τοῦ
1178 2486 1483 2547 Πνεύματος
1540 2478 1883 2555 διαλαμϐάνει
1927 2484 1955 2536 ὁ

296 2569 687 2649 εὖαγγελιστῆς
744 2569 937 2648 λέγων¹
1002 2572 1260 2650 τουτέστι,
1314 2572 1375 2627 τὸ
1434 2576 1645 2643 Πνεῦμα
1687 2571 1748 2625 τὸ
1804 2570 1953 2648 ἅγιον

294 2659 411 2729 ζωὴ
456 2662 547 2727 ἧν.
596 2667 773 2718 Ταῦτα
828 2659 1071 2737 λέγουσιν
1118 2662 1164 2717 0i
1223 2661 1338 2738 περὶ
1392 2657 1734 2737 Μακεδόνων,
1786 2659 1954 2715 σπεύ-

2037 2041 3198 2124 num.»Pneumatomachi,quiSpiritum
3227 2050 3441 2121 negant
3460 2040 3673 2115 Deum,

2037 2126 2188 2187 hanc
2220 2128 2569 2205 particulam
2602 2130 2686 2190 sic
2711 2131 2906 2210 legunt
2936 2150 2949 2195 :
2982 2154 3011 2193 ‹
3041 2132 3109 2193 Et
3140 2131 3270 2193 sine
3298 2132 3423 2211 ipso
3456 2131 3674 2192 factum

2037 2223 2127 2276 est
2149 2216 2297 2277 nihil
2336 2216 2597 2278 »Deinde
2621 2217 2730 2279 hoc
2752 2219 2881 2281 loco
2903 2220 3053 2281 facto
3072 2228 3287 2300 puncto
3309 2220 3512 2299 legunt
3530 2237 3674 2299 qua-

2036 2303 2085 2363 si
2107 2303 2179 2364 ab
2210 2305 2395 2367 altero
2420 2307 2944 2387 principio,aQuod
2968 2310 3187 2373 factum
3214 2309 3391 2382 est,in
3415 2310 3541 2388 ipso
3562 2306 3678 2367 vita

2037 2395 2784 2473 erat.»Etinterpretantur
2806 2399 2998 2460 locum
3018 2402 3183 2477 juxta
3203 2417 3367 2460 suam
3389 2406 3675 2476 mentem,

2037 2480 2324 2555 dicentes,
2357 2483 2511 2565 quod
2568 2486 2679 2548 hoc
2736 2489 2866 2549 loco
2900 2488 2973 2550 de
3006 2488 3226 2570 Spiritu
3259 2497 3462 2550 sancto
3494 2504 3676 2549 evan-

2037 2572 2245 2651 gelista
2273 2573 2548 2649 disserat,
2580 2574 2788 2638 dicens
2822 2601 2834 2637 :
2874 2578 3039 2651 Quod
3067 2582 3282 2640 factum
3317 2586 3405 2638 est
3436 2576 3498 2637 in
3526 2577 3676 2656 ipso,

2039 2660 2152 2722 hoc
2181 2671 2291 2743 est,
2316 2661 2568 2742 Spiritus
2588 2675 2850 2741 sanctus,
2884 2669 2995 2729 vita
3021 2676 3167 2731 erat.
3189 2666 3328 2729 Haec
3358 2675 3553 2727 autem
3585 2664 3680 2726 di-

306 2746 484 2811 δοντες
515 2748 681 2814 δεῖξαι
713 2750 907 2823 κτίσμα
939 2751 997 2804 τὸ
1047 2756 1258 2824 Πνεῦμα
1304 2750 1365 2805 τὸ
1394 2748 1565 2825 ἅγιον,
1600 2749 1687 2803 καὶ
1717 2769 1953 2826 συγκατ-

2038 2761 2180 2812 cunt
2223 2751 2658 2829 Macedoniani,
2694 2766 2976 2819 conantes
3030 2757 3349 2820 ostendere
3395 2754 3681 2835 Spiritum

307 2840 596 2912 αριθμῆσαι
654 2839 780 2894 αὖτὸ
839 2851 957 2899 τοῖς
1011 2837 1342 2915 γενομένοις.
1406 2828 1596 2912 Ἡμεῖς
1641 2833 1695 2891 δὲ
1725 2839 1827 2914 οὔχ
1859 2835 1952 2890 06'-

2038 2848 2304 2901 sanctum
2338 2859 2469 2902 esse
2501 2852 2858 2920 creaturam,
2895 2854 2953 2908 et
2981 2862 3382 2908 aunumerare
3429 2862 3564 2906 eum
3592 2842 3684 2903 bis

306 2946 436 2995 τως⁹
483 2924 619 2981 ἆλλά
668 2925 929 2990 στίξαντες
961 2925 1015 2980 ἐν
1044 2931 1143 2998 τῷ,
1176 2948 1202 2979 ι
1238 2924 1266 2980 ὅ
1296 2924 1535 3003 γέγονεν,
1574 2947 1601 2978 ι
1650 2923 1740 2979 ἀπ’
1775 2924 1946 3003 ἀρχῆς

2037 2948 2168 3009 quae
2196 2928 2348 2991 facta
2378 2938 2530 2991 sunt.
2569 2936 2690 2997 Nos
2739 2944 2937 2997 autem
2991 2954 3107 2996 non
3159 2935 3267 3008 sic,
3318 2935 3421 2995 sed
3466 2939 3680 3012 puncto

304 3012 487 3091 ἑτέρας
558 3014 989 3090 ἀναγινώσκομεν
1033 3016 1117 3085 τὸ,
1179 3033 1206 3068 «
1268 3012 1354 3070 Ἐν
1410 3012 1553 3086 αὖτῷ
1611 3013 1723 3084 ζωὴ
1779 3012 1862 3080 ἦν.
1920 3036 1946 3067 ι

2034 3019 2186 3079 facto
2206 3028 2509 3100 postquam
2544 3025 2690 3087 dixit
2727 3024 2883 3106 quod
2906 3024 3120 3086 factum
3152 3030 3488 3097 est,novum
3518 3020 3679 3101 prin-

300 3095 524 3194 :EmtSit
556 3101 655 3179 γὰρ
686 3104 808 3156 εἷπε
856 3102 973 3179 περὶ
1034 3105 1133 3164 τῆς
1182 3097 1549 3177 δημιουργίας,
1602 3098 1682 3154 ὅτι
1717 3121 1739 3157 ε
1777 3098 1946 3156 Πάντα

2034 3095 2250 3187 cipium
2310 3095 2586 3194 legimus,
2626 3139 2653 3169 α
2689 3095 2763 3175 In.
2803 3113 2931 3194 ipso
2962 3113 3077 3175 vita
3111 3095 3257 3175 erat.
3295 3137 3321 3166 ι
3360 3095 3676 3191 Postquam

297 3183 363 3241 δι’
396 3188 553 3246 «6:06
596 3187 825 3265 ἐγένετο,
878 3212 904 3242 ιο
946 3187 1089 3266 λέγει
1124 3187 1309 3244 λοιπὸν
1359 3189 1448 3243 καὶ
1506 3188 1624 3264 περὶ
1665 3194 1764 3253 τῆς
1808 3211 1946 3266 προ-

2035 3183 2194 3261 enim
2228 3183 2481 3264 dixit'de
2512 3183 2748 3285 opiﬁcio
2781 3183 2939 3280 quod
2974 3204 3173 3264 omnia
3205 3220 3313 3283 per
3340 3183 3537 3281 ipsum
3563 3200 3681 3261 iac-

299 3275 465 3347 νοίας,
529 3275 608 3333 ὅτι
668 3276 726 3333 06
784 3278 945 3352 μόνον
1017 3276 1456 3355 ἓδημιουργησεν,
1518 3274 1654 3331 ἀλλὰ
1710 3278 1797 3333 καὶ
1851 3278 1946 3345 τὴν

2034 3297 2090 3351 ta
2111 3288 2250 3363 sint,
2272 3289 2419 3351 dicit
2447 3274 2653 3371 postea
2674 3293 2748 3353 tle
2780 3274 2910 3372 ejus
2944 3274 3335 3373 providentia,
3368 3274 3527 3372 quod
3558 3309 3676 3352 non

296 3364 439 3435 ζωὴν
491 3371 596 3422 τῶν
653 3364 1144 3443 δημιουργηθέντων
1207 3366 1360 3429 αὐτός
1403 3364 1542 3421 ἐστιν
1586 3368 1614 3421 ὁ
1660 3364 1897 3444 συνέχων
1933 3386 1946 3401 ·

2034 3377 2221 3440 solum
2256 3364 2608 3457 condiderit,
2652 3381 2757 3443 sed
2790 3364 2967 3441 etiam
3024 3382 3153 3462 ipse
3182 3382 3256 3442 sit
3287 3364 3338 3442 is
3368 3364 3470 3460 qui
3500 3377 3674 3440 vitam

293 3454 381 3509 καὶ
425 3453 525 3531 γὰρ
575 3475 599 3509 ι
640 3454 728 3511 Ἐν
772 3456 914 3528 αὖτῷ
942 3456 1054 3525 ζωὴ
1104 3455 1191 3522 ἧν,
1234 3478 1259 3509 ι
1294 3452 1431 3512 Οἶδα
1462 3452 1515 3509 δὲ
1546 3455 1685 3533 παρά
1716 3476 1816 3509 τινι
1845 3460 1946 3511 τῶν

2034 3469 2296 3530 omnium
2330 3452 2734 3532 creaturarum
2766 3452 3101 3532 conservet.
3134 3452 3426 3533 Etenim}
3460 3468 3519 3529 in
3549 3467 3678 3548 ipso

289 3543 452 3620 ἁγίων
501 3542 666 3605 οὕτως
720 3542 1051 3622 ἀναγνωσθέν
1108 3544 1168 3599 τὸ
1238 3544 1437 3623 χωρίον
1500 3546 1653 3599 τοῦτο
1687 3562 1701 3577 ⁸
1777 3565 1799 3598 α
1854 3539 1946 3600 Καὶ

2034 3556 2147 3618 vita
2169 3566 2352 3621 erat.»
2384 3561 2515 3622 Scio
2550 3567 2747 3622 autem
2779 3579 2811 3620 a
2839 3568 3175 3621 sanctorum
3201 3560 3451 3640 quodam
3490 3539 3675 3638 parti-

290 3631 457 3709 χωρὶς
516 3632 674 3689 «6:06
731 3631 938 3711 ἐγένετο
981 3630 1103 3689 οὖδὰ
1151 3634 1230 3704 ἓν,
1277 3633 1305 3687 ὃ
1359 3631 1573 3709 γέγονεν
1603 3631 1658 3688 ἐν
1690 3632 1830 3707 αὐτῷ
1859 3650 1874 3667 ⁸
1908 3654 1938 3690 ι

2034 3646 2221 3709 cuiam
2256 3649 2364 3710 hac
2394 3650 2479 3710 sic
2505 3648 2855 3711 iectamzuEt
2875 3647 3003 3709 sine
3024 3648 3156 3729 ipso
3179 3630 3394 3710 factum
3418 3630 3677 3727 estnihil

287 3720 411 3775 εἶτα
465 3722 684 3777 ὶιδταῦθα
757 3720 954 3794 στίξας,
1033 3720 1225 3799 ἤρξατο
1304 3728 1395 3778 τοῦ
1454 3719 1666 3800 ἐφεξῆς,
1733 3744 1759 3775 α
1820 3725 1941 3789 Ζωὴ

286 3807 352 3874 ἧν
386 3823 399 3837 ⁸
454 3831 482 3863 ι
520 3810 602 3864 καὶ
632 3812 785 3883 οἶμαι
832 3808 911 3865 ὅτι
964 3808 1079 3875 063‘s
1109 3810 1241 3876 αὕτη
1272 3812 1305 3877 ἡ
1338 3810 1631 3884 ἀνάγνωσις
1663 3808 1937 3891 ἔσφαλται,

290 3894 427 3951 ἀλλὰ
470 3899 560 3953 :06
621 3901 777 3956 «6:06
831 3899 982 3978 ὀρθοῦ
1035 3900 1301 3975 νοήματος
1361 3898 1569 3979 ἔχεται.
1637 3899 1736 3957 Καὶ
1788 3897 1939 3964 οὗτος

290 3984 390 4061 γὰρ
420 3986 448 4041 ὁ
476 3985 625 4062 ἅγιος
670 3985 953 4064 ὀρθοδόξως
1011 3987 1250 4059 ἐνόησεν,
1313 3987 1593 4066 ὅτι-χωρὶς
1642 3997 1734 4047 τοῦ
1779 3988 1952 4066 Λόγου

286 4071 408 4129 οὐδὲ
468 4074 525 4129 ἓν
578 4075 812 4154 ἐγένετο,
877 4078 903 4132 ὃ
948 4077 1164 4154 γέγονεν
1208 4076 1261 4133 ὲν
1321 4079 1482 4150 αὐτῷ.
1522 4076 1698 4132 Πάντα
1726 4078 1825 4155 γὰρ
1853 4076 1952 4133 ὅσα

296 4161 546 4239 γεγόνασι
604 4165 687 4220 καὶ
749 4164 1059 4231 ἐκτίσθησαν
1128 4165 1180 4221 ἐν
1240 4168 1381 4238 αὐτῴ
1443 4172 1519 4237 τῲ
1578 4164 1732 4242 Λόγοι)
1788 4167 1946 4244 φημὶ,

293 4252 456 4330 χωρὶς
516 4253 672 4311 «6:06
732 4255 791 4309 06
848 4256 1151 4331 γεγόνασιν,
1220 4259 1353 4311 Εἶτα
1383 4254 1489 4311 ἀπὸ
1521 4252 1689 4320 ἄλλης
1722 4255 1897 4334 ἀρχῆς
1931 4271 1943 4283 ·

298 4362 326 4392 α
359 4342 479 4408 Zur},
531 4344 621 4414 ἦν,
667 4345 753 4398 καὶ
797 4345 830 4411 ἦ
874 4348 985 4414 ζωὴ
1031 4346 1096 4412 ἦν
1137 4346 1196 4399 τὸ
1257 4351 1366 4422 φῶς
1426 4350 1533 4399 τῶν
1576 4343 1884 4421 ἀνθρώπων.
1919 4368 1943 4397 n

291 4428 443 4495 Ζωὴν
499 4427 553 4485 δὲ
612 4433 639 4486 ὁ
671 4432 1052 4509 εὗαγγελιστὲ.;
1108 4435 1348 4507 ὀνομάζει
1385 4435 1473 4488 τὸν
1509 4433 1716 4511 Κύριον,
1749 4434 1822 4495 ὡς
1850 4434 1948 4499 τὴν

2027 3735 2183 3817 quod
2202 3737 2418 3799 factum
2444 3739 2608 3799 estin
2629 3738 3050 3817 ipsozndeinde
3074 3738 3263 3819 posito
3288 3738 3679 3817 signo,cmpta

2026 3844 2157 3906 qua:
2186 3837 2535 3906 sequuntur,
2568 3826 2731 3890 «Vita
2758 3826 3293 3908 eraL-Opinorque
3325 3827 3499 3889 etiam
3524 3826 3678 3888 hanc

2036 3914 2351 3979 lectionem
2380 3935 2497 3977 non
2534 3941 2562 3971 εν
2590 3916 2881 3991 alam,sed
2916 3926 3137 3978 rectam
3172 3915 3392 3979 habere
3422 3923 3674 3977 senten-

2035 4002 2457 4067 tiam.Sanctus
2488 4005 2646 4067 enim
2682 4006 2789 4065 ista
2820 4005 3149 4067 orthodoxe
3194 4004 3506 4071 intellexit.
3541 4005 3679 4085 quia

2034 4092 2162 4153 sine
2193 4092 2385 4154 Verbo
2418 4094 2564 4155 nihil
2600 4095 2812 4156 factum
2847 4098 2939 4154 est
2960 4095 3115 4174 quod
3148 4095 3362 4155 factum
3388 4093 3565 4156 estin
3592 4093 3674 4173 ip-

2033 4199 2121 4244 so.
2151 4181 2366 4244 Omnia
2388 4182 2543 4242 enim
2577 4202 2943 4263 quaecunque
2975 4185 3125 4245 facta
3154 4191 3312 4257 sunt,
3349 4194 3409 4243 et
3438 4182 3676 4243 condita

2034 4276 2172 4328 sunt
2192 4269 2250 4329 in
2286 4268 2418 4348 ipso
2444 4270 3079 4351 Verbo,inquam,sine
3096 4271 3225 4351 ipso
3245 4291 3363 4332 non
3385 4276 3524 4333 sunt
3544 4271 3671 4335 fac-

2036 4356 2346 4418 ta.Deinde
2374 4358 2535 4419 aliud
2558 4359 2787 4420 initium
2820 4361 3151 4434 erat,«Vita
3176 4368 3389 4439 erat,et
3415 4359 3529 4420 vita
3545 4366 3677 4425 erat

2035 4446 2131 4507 lux
2163 4446 2530 4507 hominum.»
2567 4446 2754 4509 Vitam
2790 4448 3154 4528 evangelista
3183 4448 3452 4512 nominat
3482 4448 3675 4510 Domi-

242 4570 245 4573 .
290 4517 397 4573 τῶν
454 4518 700 4575 ἁπάντων
730 4527 871 4591 ζωην
904 4523 1217 4601 συνέχοντα,
1249 4521 1385 4577 ἄλλα
1415 4522 1501 4577 καὶ
1544 4523 1618 4584 ὡς
1653 4526 1750 4586 τῆς
1783 4542 1946 4589 πνευ-

2034 4554 2198 4615 num,
2231 4553 2299 4596 eo
2331 4537 2483 4615 quod
2518 4537 2817 4599 contineat
2874 4517 3048 4599 vitam
3106 4538 3371 4599 omnium
3406 4540 3463 4599 in
3497 4556 3585 4617 se,
3617 4544 3678 4597 et

290 4611 522 4677 ματικῆς
567 4614 710 4678 ζωῆς
762 4608 1008 4685 πρόξενον
1054 4622 1180 4666 mm
1232 4612 1351 4674 τοῖς
1408 4609 1671 4682 λογικοῖς.
1709 4615 1829 4672 Φῶς
1859 4606 1935 4687 δὲ,

283 4697 342 4751 06
394 4698 631 4753 τοιοῦτον
680 4698 948 4770 αἰσθητὸν,
987 4698 1121 4755 ἄλλα
1151 4702 1362 4772 νοητὶν,
1396 4700 1495 4766 τὴν
1535 4700 1719 4777 ψυχὴν
1771 4700 1939 4775 φωτέ-

292 4789 384 4851 ζον
440 4783 628 4854 αὐτήν,
686 4788 793 4843 Οὔκ
844 4789 967 4843 εἶπε
1028 4788 1104 4869 δὲ,
1165 4788 1243 4845 ὅτι
1300 4795 1405 4845 τῶν
1445 4786 1708 4844 Ἰουδαίων
1765 4788 1941 4861 μόνων

286 4868 397 4927 ἐστὶ
441 4876 573 4950 φῶς,
620 4872 757 4930 ἀλλὰ
810 4878 1022 4932 πάντων
1077 4868 1387 4955 ἀνθρώπων,
1436 4876 1636 4938 Πάντες
1692 4877 1790 4954 γὰρ
1844 4874 1941 4930 ἄν·

285 4962 508 5037 θρωποι,
572 4968 703 5022 καθὸ
758 4974 875 5023 νοῦν
929 4967 1187 5042 ἐλάϐομεν
1246 4971 1331 5024 καὶ
1408 4967 1567 5044 λόγον
1639 4967 1781 5043 παρα
1851 4977 1946 5025 :06

279 5051 557 5116 κτίσαντος
615 5056 757 5129 ἡμᾶς
804 5055 997 5131 Λόγου,
1048 5060 1180 5114 κατὰ
1252 5065 1404 5115 τοῦτο
1454 5056 1715 5132 λεγιῖμεθα
1772 5077 1941 5135 φωτι-

286 5139 468 5207 σθῆναι
528 5142 618 5198 ὑπ’
664 5145 838 5201 «6:06.
893 5139 949 5203 Ὀ
1000 5150 1098 5226 γαρ
1150 5146 1306 5224 λόγος
1340 5149 1367 5202 ὁ
1402 5145 1564 5208 δοθεὶς
1594 5146 1749 5219 ἡμῖν,
1786 5141 1852 5200 δι’
1884 5146 1943 5200 ὃν

289 5228 371 5283 καὶ
430 5227 636 5307 λογικοὶ
693 5230 1017 5314 καλούμεθα,
1079 5239 1189 5314 φεῦς
1230 5237 1372 5293 ἐστιν
1405 5233 1631 5312 ὁδτιγοῦν
1672 5234 1813 5307 ἡμᾶς
1861 5234 1935 5297 εἷς

284 5316 349 5371 τὰ
377 5320 636 5399 πρακτέα,
670 5323 758 5377 καὶ
788 5323 852 5379 τὰ
896 5324 974 5398 μὴ
1004 5324 1262 5402 πρακτέα.

367 5516 395 5548 ι
431 5496 528 5553 Καὶ
582 5497 644 5553 τὸ
700 5500 810 5577 φῶς
860 5498 914 5555 ἑν
975 5507 1041 5578 τῇ
1075 5501 1255 5574 σκοτίᾳ
1299 5501 1495 5583 φαίνει,
1543 5501 1631 5557 καὶ
1677 5500 1709 5567 ἡ
1758 5498 1941 5559 σκοτία

363 5650 679 5719 “Colon.
704 5672 749 5739 ι,
791 5657 892 5727 16.

2024 4624 2181 4706 quod
2214 4624 2537 4703 spiritualis
2552 4626 2679 4687 vitae
2695 4627 3042 4689 conciliator
3073 4629 3248 4688 fuerit
3276 4628 3553 4689 omnibus
3572 4646 3663 4687 ra-

2027 4714 2189 4773 tione
2223 4712 2480 4792 praeditis
2511 4713 2629 4776 Lux
2652 4724 2847 4777 autem
2877 4736 2993 4778 non
3017 4717 3211 4798 aliqua
3233 4716 3670 4780 seusibiiissed

2025 4803 2373 4881 Spiritualis,
2408 4803 2747 4882 quzeipsam
2782 4806 3037 4866 animam
3073 4806 3344 4867 illustret.
3369 4807 3499 4868 Non
3531 4805 3677 4865 dixit

2029 4900 2255 4965 autem,
2289 4892 2444 4972 quod
2476 4892 2813 4954 Judazorum
2848 4894 3050 4956 lumen
3102 4894 3380 4957 duntaxat
3412 4894 3511 4967 sit,
3568 4893 3671 4954 sed

2030 4981 2292 5042 omnium
2327 4980 2663 5043 hominum.
2696 4980 2915 5044 Omnes
2946 4986 3101 5045 enim
3154 4984 3424 5045 homines
3450 5000 3674 5043 secun-

2029 5063 2170 5123 dum
2214 5061 2367 5141 quod
2423 5069 2681 5121 mentem
2716 5064 3055 5143 accepimus
3085 5072 3145 5125 et
3173 5063 3463 5125 rationem
3494 5061 3570 5122 ah
3601 5080 3671 5123 eo

2028 5152 2186 5231 quod
2215 5168 2323 5231 nos
2352 5148 2574 5231 creavit
2606 5149 2830 5231 Verbo,
2864 5152 3121 5214 dicimur
3152 5152 3436 5213 illustrari
3467 5150 3540 5211 ab
3574 5168 3666 5231 eo.

2028 5228 2179 5297 Nam
2207 5228 2515 5313 ratiodata
2547 5229 2742 5303 nobis,
2776 5228 3107 5293 secundum
3140 5252 3313 5313 quam
3358 5230 3676 5313 rationales

2021 5327 2324 5383 Vticamur,
2360 5309 2456 5369 lux
2488 5321 2602 5390 est,
2627 5330 2756 5391 quae
2788 5313 2950 5373 ducit
2998 5332 3104 5373 nos
3134 5309 3207 5373 ad
3253 5331 3383 5393 qua;
3416 5318 3552 5373 sunt
3579 5310 3668 5371 fa-

2025 5397 2259 5471 cienda,
2295 5406 2352 5458 et
2385 5416 2519 5478 qua:
2549 5417 2666 5461 non
2701 5408 2841 5462 sunt
2870 5402 3166 5465 facienda.

2104 5490 2287 5550 Vens.
2327 5491 2384 5550 5.
2422 5510 2447 5542 α
2484 5491 2552 5555 Et
2584 5487 2678 5553 lux
2711 5488 2770 5551 in
2812 5491 3074 5559 tenebris
3106 5491 3286 5578 lucet,
3319 5497 3378 5557 et
3409 5487 3671 5565 tenebrae
