4126 6282
3708 350 3911 413 1148

452 493 579 564 eam
604 493 720 535 non
746 472 1391 564 comprehenderunt.»
1426 474 1567 543 Lux,
1584 474 1696 534 hoc
1718 481 1805 534 est
1836 475 2075 537 Veabun

2187 482 2313 538 αὐτὸ
2374 482 2430 538 06
2474 481 2781 543 κατέλαϐεν.
2823 507 2850 538 ι
2914 485 2983 541 T‘o
3040 485 3173 564 φῶς,
3225 484 3390 562 ἤγουν
3449 488 3477 542 ὁ
3525 484 3707 563 Λόγος
3771 488 3903 540 τοῦ

451 563 583 635 Dei,
626 565 685 623 in
715 561 1005 642 tenebris,
1058 563 1169 623 hoc
1213 568 1304 623 est
1344 571 1534 625 morte
1566 570 1623 624 et
1652 580 1880 637 errore,
1915 564 2072 627 lucet

2182 569 2335 649 Θεοῦ,
2368 570 2422 625 ἐν
2452 579 2520 646 τῇ
2566 573 2772 651 σκοτίᾳ,
2833 572 3126 646 τουτέστιν,
3189 573 3244 628 ἐν
3290 581 3368 648 τῷ
3396 574 3607 647 θανάτῳ
3636 576 3732 629 καὶ
3795 572 3895 640 τῇ

449 655 598 717 Nam
631 661 689 715 et
716 652 846 732 ipse
869 660 1136 713 mortuus
1176 652 1261 713 sic
1295 660 1543 713 mortem
1589 654 1909 732 superavit,
1949 662 2013 715 ut
2040 673 2071 716 e

2180 657 2358 735 πλάνῃ
2390 663 2586 741 φαίνει,
2650 664 2748 720 Καὶ
2805 663 2903 741 γὰρ
2951 664 3038 718 καὶ
3081 662 3135 718 έν
3194 670 3269 737 τῷ
3298 664 3507 737 θανάτῳ
3535 664 3890 741 γενόμεντις⁹

452 761 554 803 eos
584 761 732 823 quos
767 741 929 821 prius
958 739 1633 820 absorpserat,coegerit
1655 741 1843 822 ipsam
1866 760 2073 804 evome

2185 746 2349 814 οὕτως
2391 750 2547 807 αὑτοῦ
2604 751 2959 831 περιεγένετο,
3020 753 3093 814 ὡς
3144 752 3232 807 καὶ
3277 752 3366 817 οὓς
3427 751 3616 832 ἔφθασε
3674 775 3889 808 κατι-

450 831 615 893 re.Et
648 832 704 893 in
730 849 935 893 errore
966 831 1172 911 gentili
1198 831 1381 910 fulget
1412 830 1895 910 praedicatio..Et
1926 841 2075 895 tene-

2184 852 2361 918 πιεῖν,
2394 840 2689 918 ἀναγκάσαι
2748 842 2905 897 αὑτὸν
2950 840 3191 915 ἐξεμέσαι
3227 859 3241 873 ⁸
3292 843 3379 897 καὶ
3437 842 3490 897 ἐν
3550 846 3616 917 τῇ
3666 839 3882 915 πλάνῃ

451 921 571 982 brae
594 939 721 981 eam
759 940 873 981 non
905 921 1549 1000 comprehenderunt»
1583 922 1744 982 Mors
1776 921 1935 982 enim
1964 941 2075 983 eun

2183 932 2250 1002 τῇ
2300 927 2590 1006 Ἐλληνικῇ
2646 928 2847 1003 λάμπει
2904 931 2965 985 τὸ
3024 931 3291 1009 κήρυγμα,
3361 951 3383 985 ι
3438 935 3536 988 Καὶ
3565 932 3598 998 ἡ
3657 932 3880 986 σκοτία

446 1030 563 1071 non
595 1010 1273 1091 comprehenditmeque
1298 1028 1478 1070 error.
1506 1007 1793 1070 Invictum
1830 1010 1989 1072 enim
2013 1031 2075 1073 es

2184 1019 2309 1074 αὐτὸ
2368 1021 2428 1075 o6
2473 1016 2785 1076 κατέλαϐεν.
2833 1042 2859 1073 ›)
2898 1017 3027 1076 Οῧτε
3081 1020 3179 1096 γὰρ
3226 1021 3254 1075 ὁ
3283 1020 3504 1083 θάδατος
3548 1023 3710 1078 αὑτοῦ
3742 1041 3876 1074 πε-

449 1101 652 1164 lumen
683 1102 820 1181 hoc,
854 1103 1011 1163 Deus
1040 1098 1328 1178 Verbum,
1351 1098 1873 1179 inquamQuidam
1901 1109 2075 1163 auten

2184 1108 2469 1188 ριεγένετο,
2526 1106 2654 1174 οῧτη
2712 1110 2746 1177 ἡ
2807 1107 3009 1176 πλάνη.
3072 1105 3533 1187 Ἀκαταγώνιστον
3584 1110 3685 1187 γάρ
3732 1108 3872 1164 ἐστι.

448 1190 577 1251 5H
634 1190 909 1252 tenebras
960 1189 1371 1249 existimarunt
1410 1200 1467 1249 et
1517 1205 1759 1249 carnem
1810 1197 1870 1250 et
1898 1189 2069 1250 vitam

2182 1202 2243 1255 τὸ
2298 1203 2409 1279 φῶς
2453 1205 2627 1277 τοῦτο,
2678 1199 2705 1253 ὃ
2750 1200 2879 1261 Θεὸς
2928 1199 3098 1275 Λόγος
3141 1198 3301 1278 φημί.
3350 1198 3498 1261 Τινὲς
3542 1197 3596 1253 δὲ
3625 1199 3871 1255 σκοτίαν

450 1280 709 1341 Verbum
743 1278 901 1340 enim
932 1279 1149 1339 factum
1182 1276 1242 1338 in
1272 1278 1384 1337 vita
1415 1285 1473 1338 et
1503 1296 1685 1339 carne
1701 1278 1811 1339 hac
1839 1278 2075 1342 fulsit.E

2182 1276 2430 1359 ἐνόμισαν
2488 1276 2816 1363 τὴννσάρκα
2898 1289 2984 1344 καὶ
3033 1289 3124 1343 τὸν
3156 1276 3163 1278 ὴ
3197 1288 3332 1363 βίον.
3410 1289 3508 1345 Καὶ
3564 1287 3618 1343 ἐν
3687 1297 3866 1365 σαρκὶ

450 1368 737 1443 tenebrae,
771 1366 1111 1430 adversaria
1165 1366 1402 1447 inquam
1466 1374 1750 1447 potestas,
1800 1374 2072 1430 tentarun

2182 1381 2270 1435 οὖν
2327 1378 2611 1455 γενόμενος
2642 1392 2730 1433 και
2762 1376 2814 1432 ἐν
2860 1384 2936 1450 τῷ
2993 1377 3092 1452 βίῳ
3121 1376 3291 1451 τούτῳ
3324 1378 3350 1432 ὁ
3382 1376 3549 1454 Λόγος
3578 1373 3795 1450 ἔλαμψε
3842 1397 3858 1408 -

449 1458 688 1538 quidem
714 1465 771 1519 et
802 1464 1135 1535 persecutae
1163 1463 1301 1515 sunt
1324 1455 1549 1529 lumen,
1581 1455 1687 1517 sed
1720 1456 2006 1520 invictum
2040 1476 2071 1519 e

2180 1469 2267 1524 καὶ
2324 1469 2357 1534 ἡ
2430 1467 2637 1539 σκοτία,
2703 1470 2738 1537 ἡ
2794 1465 3134 1540 ἀντικειμένη
3193 1463 3333 1543 λέγω
3383 1462 3622 1540 δύναμις,
3684 1463 3860 1520 ἐπεί-

446 1544 810 1623 infatigabile
864 1545 1268 1635 offenderunt.
1303 1543 1595 1605 Tencbrze
1636 1554 1831 1635 autem
1878 1547 2075 1609 dicitul

2163 1579 2305 1631 ,ρασε
2363 1557 2487 1635 μὲν,
2532 1559 2621 1612 καὶ
2665 1553 2838 1621 ἐδίωξε
2906 1557 2966 1611 τὸ
3028 1561 3164 1633 φῶς,
3212 1554 3330 1611 ἀλλ’
3383 1555 3525 1633 εὗρεν
3557 1555 3860 1630 ἀκαταμά-

448 1654 607 1706 caro,
635 1654 749 1695 non
785 1633 941 1714 quod
973 1634 1297 1695 secundum
1322 1643 1591 1694 naturam
1626 1635 1702 1694 sit
1736 1634 1891 1709 talis,
1919 1636 2072 1698 absit

2179 1669 2356 1726 χητον
2401 1647 2487 1702 καὶ
2544 1646 2835 1715 ἀήττητον,
2897 1646 3088 1701 Σκοτία
3135 1642 3189 1700 δὲ
3241 1643 3519 1723 λέγεταιή
3549 1642 3696 1715 σὰρξ,
3734 1648 3855 1723 οὸχ

444 1724 549 1786 sed
583 1732 821 1804 propter
852 1733 1189 1803 peccatum.
1243 1723 1389 1785 Caro
1444 1722 1599 1783 enim
1656 1723 1800 1785 nihil
1854 1725 2075 1785 omnim

2180 1739 2254 1801 ὡς
2312 1737 2446 1792 κατά
2476 1736 2625 1814 φύσιν
2657 1736 2872 1801 τοιαύτη
2917 1741 3068 1808 οὖσα,
3114 1732 3318 1811 ἅπαγεῐ
3371 1731 3491 1789 ἀλλ’
3522 1734 3594 1796 ὡς
3625 1730 3712 1787 διὰ
3740 1734 3855 1799 τὴν

447 1816 623 1879 habet
655 1816 953 1886 malum,si
986 1815 1336 1878 naturaliter
1362 1824 1701 1877 moveatur:
1741 1816 1841 1877 sed
1871 1816 1918 1876 si
1957 1836 2075 1896 prae

2183 1826 2462 1905 ἁμαρτίαν,
2491 1811 2499 1814 ‘
2530 1816 2590 1880 Ἠ
2649 1825 2747 1903 γὰρ
2803 1823 2926 1902 σὰρξ
2981 1822 3126 1881 οὐδὲν
3170 1820 3309 1886 ὅλως
3341 1822 3460 1902 ἔχει
3491 1823 3652 1879 κακὸν
3681 1844 3855 1900 φυσι-

446 1915 541 1968 ter
566 1915 838 1967 naturam
873 1914 1178 1967 moveatur
1199 1913 1261 1966 et
1292 1914 1535 1984 peccato
1560 1905 1801 1979 serviat,
1836 1905 2075 1968 tenebra

2179 1923 2287 1980 κῶς
2344 1914 2655 1990 κινουμένη,
2719 1914 2855 1992 παρὰ
2903 1913 3055 1993 φύσιν
3098 1912 3152 1967 δὲ
3200 1915 3502 1986 κινηθεῖσα,
3560 1912 3647 1966 καὶ
3704 1913 3849 1985 πρὸς

451 1998 516 2059 ﬁt
537 2007 593 2059 et
625 1995 869 2058 dicitur.

2180 2005 2438 2083 ἁμαρτίαν
2534 2003 2937 2081 ὑπηρετήσασα,
3013 2000 3197 2058 σκοτία
3278 2000 3363 2055 καὶ
3446 1999 3644 2077 γίνεται
3750 2000 3846 2054 καὶ

2178 2092 2412 2171 λέγεται.

529 2181 712 2242 Vens.
740 2180 800 2240 6.
851 2201 872 2233 ι
906 2176 1039 2240 Fuit
1071 2176 1247 2237 homo
1282 2175 1497 2238 missus
1528 2195 1561 2237 a
1592 2174 1736 2253 Deo,
1790 2196 2010 2240 nomen
2040 2197 2071 2239 e

2267 2207 2293 2238 α
2358 2183 2603 2262 Ἐγένετο
2656 2180 2925 2260 ἅνθρωπος
2998 2178 3393 2254 ἀπεσταλμένος
3475 2179 3617 2255 παρά
3672 2185 3838 2254 Θεοῦ,

445 2271 728 2331 Joannes.
746 2270 1097 2347 nPostquam
1122 2266 1593 2329 disseruitnobis
1617 2265 1692 2327 de
1708 2266 2075 2331 subsistenti:

2177 2272 2345 2347 ὄνομα
2403 2275 2545 2346 αὒτῷ
2588 2272 2867 2337 Ἰωάννης.
2928 2292 2952 2327 ι
3005 2270 3150 2325 Μετά
3188 2270 3249 2324 τὸ
3300 2266 3646 2347 διαλεχθῆναι
3692 2268 3839 2342 ἡμῖν

444 2357 624 2420 Verbi
682 2359 786 2419 Dei
827 2365 965 2418 ante
1014 2357 1434 2436 saecula:quia
1466 2365 1525 2418 et
1555 2356 1629 2417 de
1684 2356 2075 2419 incarnatiom

2175 2365 2291 2441 περὶ
2348 2364 2446 2427 τῆς
2520 2363 2623 2440 πρὸ
2695 2360 2899 2416 αἰώνων
2958 2358 3225 2437 ὑπάρξεως
3300 2367 3391 2416 106
3447 2365 3575 2413 Θεοο
3632 2356 3835 2433 Λόγου,

446 2447 624 2508 Verbi
647 2447 914 2509 dicturus
931 2455 1392 2522 est,sermonem
1416 2444 1489 2506 de
1512 2446 2075 2509 Praecursoreinter-

2175 2450 2356 2519 ἐπειδὴ
2410 2450 2595 2525 μέλλει
2647 2451 2734 2507 καὶ
2803 2450 2922 2519 περὶ
2989 2454 3087 2516 τῆς
3152 2454 3244 2503 τοῦ
3286 2448 3457 2524 Λόγου
3512 2444 3838 2521 σαρκώσεως

442 2536 688 2600 serit.Et
719 2536 850 2616 quis
880 2536 1029 2597 alius
1059 2554 1232 2615 quam
1255 2534 1515 2598 Joannes
1533 2537 1871 2597 Praecursor
1901 2537 2075 2598 habe-

2174 2542 2369 2614 εἰπεῖν,
2415 2538 2776 2619 παρεμϐάλλει
2843 2540 2934 2594 τὸν
2988 2548 3081 2597 106
3139 2534 3440 2615 Προδρόμου
3498 2533 3676 2613 λόγον,
3732 2537 3837 2591 Καὶ

439 2636 534 2689 ret
561 2644 898 2687 sermonem
924 2624 1203 2704 deipsius
1234 2623 1673 2705 nativitate,qui
1698 2627 2011 2703 przecurrit
2030 2637 2075 2688 ει

2170 2630 2220 2685 τί
2274 2632 2373 2708 γὰρ
2416 2630 2571 2700 ἄλλο,
2633 2630 2669 2697 ἢ
2730 2626 3032 2708 Πρόδρομος
3090 2628 3163 2683 ὢν
3214 2629 3242 2683 ὁ
3302 2624 3555 2691 Ἰωάννης
3583 2623 3709 2703 ἔχει
3741 2646 3836 2688 και

439 2727 577 2782 ante
592 2718 961 2780 nativitatem
986 2716 1414 2778 Dominii’Dicit
1428 2717 1606 2795 igitur
1623 2716 1698 2778 de
1716 2717 2075 2780 Praecursore

2169 2723 2258 2776 τὸν
2304 2722 2548 2799 περὶτῆς
2603 2724 2760 2779 αὑτοῦ
2809 2718 3065 2795 γενέσεως
3094 2715 3277 2795 λόγον,
3321 2717 3684 2794 προτρέχοντα
3726 2714 3831 2778 τῆς

440 2809 821 2888 evangelista,
854 2808 1010 2891 quod
1034 2807 1143 2871 fuit
1173 2809 1351 2869 homo
1373 2808 1587 2869 missus
1608 2827 1641 2869 a
1670 2807 1814 2881 Deo,
1845 2808 2075 2883 missus1

2169 2812 2262 2866 106
2295 2810 2478 2888 Κυρίου
2507 2808 2761 2887 ἐνσάρκου
2790 2808 3088 2884 γεννήσεως
3125 2827 3141 2883 ;
3186 2806 3353 2871 Φησὶν
3410 2810 3500 2859 ουν
3557 2804 3673 2880 περὶ
3732 2810 3832 2858 106

440 2900 763 2980 inquam,a
791 2890 937 2971 Deo;
972 2898 1511 2980 pseudoprophetaa
1558 2899 1715 2959 enim
1749 2917 1865 2959 non
1898 2918 1931 2959 a
1966 2902 2075 2963 Deo

2172 2897 2473 2978 Προδρόμου
2523 2900 2550 2954 ὁ
2608 2895 3018 2974 εὑαγγελιστής,
3050 2894 3129 2950 ὄτι
3191 2918 3211 2948 ι
3259 2892 3503 2959 Ἐγένετο
3545 2890 3827 2947 ἀπεσταλ-

442 2992 601 3053 missi
634 3000 826 3054 erant.
861 2991 1152 3054 Caeterum
1202 3010 1333 3051 cum
1382 2988 1641 3051 audieris
1672 2990 1826 3071 quod
1864 2990 2075 3053 missus

2167 2986 2322 3062 μένος
2381 2988 2522 3066 παρά
2581 2987 2735 3066 Θεοῦ,
2772 3008 2800 3040 »
2849 2986 2962 3041 ἀντὶ
2991 2991 3106 3057 1‘06,
3142 2983 3417 3048 ἀπεστάλη
3460 2982 3599 3060 παρὰ
3661 2988 3818 3040 Θεοῦ.

435 3083 615 3148 fuerit
653 3103 685 3145 a
716 3082 857 3163 Deo,
887 3082 1029 3143 nihil
1066 3082 1355 3162 privatum
1388 3082 1477 3143 vel
1522 3068 1848 3145 humanum
1882 3082 2075 3147 dicere

2169 3078 2227 3133 Οἱ
2284 3076 2383 3154 γὰρ
2441 3073 2870 3155 ψευδοπροφῆται
2915 3076 3010 3131 οὑκ
3066 3073 3125 3130 ἐκ
3157 3080 3308 3134 Θεοῦ.
3346 3068 3522 3130 Ἰ(,)ταν
3549 3068 3602 3124 δὲ
3646 3069 3816 3125 ἀκού.

440 3181 629 3253 putes,
664 3171 769 3233 sed
792 3158 988 3233 divina
1019 3158 1240 3232 omnia.
1279 3170 1349 3231 Et
1377 3171 1602 3233 idcirco
1635 3172 1806 3232 etiam
1839 3174 2075 3252 angelus

2168 3185 2292 3241 σῃς,
2338 3163 2418 3219 ὅτι
2475 3162 2750 3230 ἀπεστάλη
2808 3165 2949 3236 παρά
3006 3165 3158 3235 Θεοῦ,
3213 3160 3381 3237 μηδὲν
3430 3158 3567 3217 ἴδιον
3598 3159 3823 3234 νομίσῃς

456 343 606 407 1m
1358 345 1951 407 THEOPHYLACTI
1999 344 2410 411 BULGARI/E
2436 312 2836 412 ARCHIEP.‘

437 3262 675 3324 dicitur.
708 3261 918 3341 Angeli
948 3261 1130 3322 virtus
1163 3261 1321 3321 enim
1346 3270 1437 3323 est
1465 3261 1613 3322 nihil
1647 3260 1954 3342 proprium
1985 3263 2081 3323 di-

436 3370 595 3414 cere.
626 3350 771 3413 Item
805 3370 938 3412 cum
969 3351 1246 3430 angelum
1278 3350 1561 3422 audieris,
1597 3369 1672 3411 ne
1706 3360 1878 3430 putes
1924 3352 2079 3431 quod

435 3451 645 3503 natura
673 3443 751 3502 sit
788 3440 1058 3519 angelus,
1109 3440 1199 3501 vel
1234 3459 1302 3501 ex
1335 3442 1484 3503 caelo
1535 3441 1939 3515 descenderit,
1975 3442 2080 3502 sed

434 3540 676 3611 propter
705 3549 854 3611 opus
883 3537 941 3590 et
963 3529 1356 3590 ministerium
1390 3537 1631 3590 vocatur
1658 3529 2082 3607 angelus.Quia

432 3622 589 3682 enim
627 3619 986 3681 ministravit
1024 3617 1458 3698 przedicationi,
1485 3626 1543 3678 et
1575 3619 1944 3697 praenuntius
1972 3621 2082 3682 fuit

435 3710 693 3780 Domini,
729 3709 858 3788 ejus
891 3706 1077 3785 gratia
1108 3707 1302 3768 dictus
1334 3716 1423 3767 est
1445 3708 1718 3786 angelus.
1758 3708 2083 3790 Propterea

431 3799 788 3875 evangelista
816 3797 1164 3857 subvertens
1186 3797 1583 3876 quorumdam
1611 3798 1955 3876 opinionem
1981 3800 2077 3879 qui

428 3887 886 3967 suspicabantur
914 3887 1202 3948 Joannem
1238 3893 1447 3945 natura
1479 3885 1658 3947 fuisse
1687 3887 2081 3966 angelum,di-

432 3976 550 4038 cit:
593 4001 615 4032 ιι
652 3976 786 4039 Fuit
812 3977 991 4037 homo
1026 3974 1239 4036 missus
1270 3992 1303 4035 a
1333 3973 1474 4037 Deo.
1510 3998 1532 4031 ε

508 4235 754 4298 νεῐιείῖ.
796 4232 943 4295 «Hic
973 4232 1131 4296 venit
1159 4232 1219 4294 in
1255 4234 1683 4308 testimonium,
1719 4242 1780 4295 ut
1807 4235 2075 4296 testimo-

432 4325 591 4386 nium
628 4325 966 4405 perhiberet
1020 4324 1095 4385 de
1146 4324 1391 4388 lumine.
1424 4335 1487 4387 ut
1520 4344 1731 4386 omnes
1763 4324 2081 4386 crederent

2166 3252 2201 3320 ἢ
2242 3252 2565 3331 ἀνθρώπινον
2612 3252 2810 3333 λέγειν,
2883 3251 3020 3308 ἀλλά
3078 3252 3247 3308 πάντα
3318 3254 3459 3309 θεῖα.
3509 3248 3605 3303 Διά
3659 3254 3816 3304 τοῦτο

2163 3344 2251 3398 καὶ
2308 3341 2536 3421 ἅγγελος
2594 3341 2829 3422 λέγεται,
2895 3341 3124 3421 ἀγγέλου
3176 3339 3229 3396 δὲ
3270 3340 3431 3420 ἀρετὴ
3475 3335 3641 3413 μηδὲν
3675 3335 3817 3401 ἴδιον

2164 3430 2362 3509 λέγειν.
2427 3431 2710 3510 ’Ἄγγελον
2741 3431 2794 3488 δὲ
2836 3434 3086 3505 ἀκούσας,
3142 3432 3220 3506 μὴ
3273 3433 3480 3506 νόμισῆ
3542 3428 3620 3484 δτι
3665 3427 3815 3505 W50"-

2164 3519 2391 3599 ἅγγελος
2423 3522 2513 3602 ἧν,
2546 3524 2582 3590 ἢ
2612 3526 2674 3579 ὲκ
2702 3532 2807 3580 τῶν
2836 3529 3067 3601 οὐρανῶν
3096 3519 3297 3587 κατέϐη
3325 3536 3338 3551 ⁸
3370 3518 3507 3575 ἀλλὰ
3532 3516 3615 3573 διὰ
3644 3519 3704 3572 τὸ
3734 3516 3819 3593 ’έρ-

2164 3632 2258 3688 γον
2321 3613 2407 3667 καὶ
2449 3613 2547 3679 τὴν
2606 3610 2871 3671 διακονίαν
2928 3610 3152 3690 ἅγγελος
3205 3608 3472 3667 καλεῖται.
3532 3607 3682 3665 Ἐπεὶ
3714 3608 3814 3683 γὰρ

2162 3700 2463 3778 ὑπηρέτησε
2492 3709 2569 3775 τῷ
2598 3703 2920 3781 κηρύγματι,
2976 3704 3062 3759 καὶ
3117 3698 3443 3780 προήγγειλε
3474 3699 3563 3753 τὸν
3601 3696 3813 3773 Κύριον,

2160 3791 2346 3845 τούτου
2399 3788 2577 3846 ἕνεκεν
2635 3790 2833 3862 ἐκλήθη
2917 3790 3165 3871 ἅγγελος.
3229 3792 3322 3847 Διὸ
3366 3790 3453 3844 καὶ
3504 3789 3531 3842 ὁ
3588 3789 3810 3863 εὑαγγε-

2162 3876 2348 3945 λιστὴς
2403 3879 2708 3958 ἀνατρέπων
2767 3883 2866 3949 τὴν
2922 3886 3027 3937 τῶν
3109 3877 3322 3935 πολλῶν
3373 3877 3644 3954 ὑπόνοιαν,
3707 3880 3813 3929 τῶν

2163 3966 2297 4031 ἴσως
2360 3971 2716 4045 νομισάντων,
2772 3968 2851 4026 ὅτι
2908 3968 3131 4049 ἄγγελος
3188 3972 3254 4036 ἦν
3326 3968 3355 4023 ὁ
3423 3965 3677 4030 Ἰωάννης
3746 3968 3811 4036 τῇ

2162 4056 2336 4137 φύσει,
2368 4060 2524 4137 φησίν
2559 4074 2572 4089 ’
2617 4082 2642 4113 ι
2678 4058 2923 4136 Ἐγένετο
2945 4058 3211 4136 ἅνθρωπος
3242 4054 3636 4130 ἀπεσταλμένος
3667 4053 3808 4129 παρά

2166 4154 2319 4209 Θεοῦ.
2366 4170 2391 4202 ι)

2251 4260 2277 4290 α
2311 4240 2473 4303 Οὗτος
2530 4237 2686 4307 ἦλθεν
2742 4242 2812 4304 είς
2862 4240 3168 4318 μαρτυρίαν,
3220 4237 3314 4292 ἵνα
3343 4234 3652 4314 μαρτυρήσῃ
3693 4232 3809 4309 περὶ

2164 4336 2257 4385 106
2287 4329 2484 4403 φωτὸς,
2547 4328 2641 4384 ’ίνα
2689 4329 2883 4393 πάντες
2933 4327 3252 4385 πιστεύσωσι
3296 4324 3363 4382 δι’
3395 4325 3573 4383 αὑτοῦ.
3621 4332 3803 4393 0610;,

435 4434 541 4496 per
572 4414 1274 4494 illtitn.nH-ic,inquit,qui
1311 4413 1524 4475 missus
1551 4425 1674 4476 erat
1702 4434 1736 4477 a
1773 4416 2075 4493 Deo,venti

2166 4419 2346 4496 φησὶν,
2396 4419 2423 4472 ὁ
2480 4418 2876 4494 ἀπεσταλμένος
2927 4420 3069 4497 παρὰ
3142 4424 3297 4497 Θεοῦ,
3355 4416 3448 4470 ἳνα
3504 4411 3807 4491 μαρτυρήσῃ

430 4513 493 4564 υι
524 4504 927 4567 testimonium
975 4502 1315 4583 perhiberet
1347 4503 1422 4564 de
1474 4504 1718 4565 lumine.
1755 4504 1981 4567 Deinde
2008 4524 2075 4567 ne

2167 4507 2281 4579 περὶ
2342 4516 2432 4564 τοῦ
2487 4507 2683 4584 φωτός.
2748 4508 2886 4565 Εἶτα
2938 4496 3029 4565 ἵνα
3058 4508 3136 4579 μή
3167 4528 3247 4569 τις
3279 4496 3496 4580 νομίσῃ,
3528 4502 3608 4557 ὅτι
3637 4500 3802 4579 ἔχρῃ-

428 4592 559 4672 quis
590 4592 886 4653 existimet
905 4592 1059 4671 quod
1087 4591 1266 4670 hujus
1298 4591 2082 4673 testimonioopushabuerit

427 4683 498 4743 ad
532 4682 782 4758 gloriam
811 4681 1358 4761 Unigenitus,quasi
1375 4681 1571 4761 aliqua
1591 4700 1659 4741 ex
1687 4692 1847 4761 parte
1880 4681 2072 4762 inops.

426 4771 651 4833 idcirco
669 4771 1061 4852 addiditquod
1085 4774 1243 4834 venit
1264 4770 1923 4833 testiﬁcaturusdeFilio
1942 4771 2073 4835 Dei:

428 4880 545 4921 non
593 4862 747 4941 quod
803 4862 959 4923 illius
1005 4859 1344 4923 testimonio
1388 4858 1601 4922 habeat
1649 4878 1820 4939 opus,
1874 4858 1980 4920 sed
2014 4868 2076 4920 ut

426 4968 634 5010 omnes
666 4950 911 5013 credant
938 4969 1044 5030 per
1077 4949 1425 5012 illum.Num
1451 4958 1733 5010 etomnes
1758 4948 2070 5028 peripsum

424 5038 838 5103 crediderunt?
852 5039 1435 5111 Minime.Quomodo
1468 5037 1646 5118 igitur
1676 5038 1867 5118 inquit
1890 5057 2071 5099 evan-

423 5128 630 5207 gelista
659 5137 721 5190 ut
752 5148 960 5190 omnes
990 5128 1261 5191 credant?
1290 5126 1629 5201 Quomodo?
1679 5127 1970 5199 Quantum
2012 5127 2075 5189 in

422 5219 521 5279 illo
552 5228 1020 5300 erat,propterea
1053 5219 1497 5299 testiﬁcabatur,
1532 5226 1594 5279 nt
1622 5234 1832 5279 omnes
1852 5218 2066 5279 trahat.

422 5308 696 5380 Quamvis
714 5317 910 5371 autem
941 5308 1176 5389 quidam
1202 5308 1689 5387 discredant,non
1718 5321 1912 5367 tamen
1938 5308 2069 5367 ideo

422 5399 519 5459 ille
548 5397 1101 5475 reprehendendus:
1137 5397 1413 5478 quoniam
1448 5404 1507 5457 et
1536 5396 1621 5456 sol
1655 5396 1715 5456 in
1748 5396 1857 5457 hoc
1889 5395 2065 5473 lucet,

418 5496 482 5548 ut
511 5506 721 5549 omnes
752 5487 1137 5560 illuminet,at
1160 5487 1209 5548 si
1233 5488 1365 5567 quis
1389 5487 1448 5547 in
1471 5484 1793 5562 caliginosa
1816 5485 2066 5565 quadam

418 5576 594 5636 domo
628 5595 693 5637 se
725 5577 1037 5638 incluserit
1067 5576 1354 5654 etjubare
1388 5594 1503 5636 non
1540 5573 1936 5653 lruatur,quid
1963 5575 2071 5635 hoc

418 5666 489 5728 ad
524 5664 707 5725 solem
736 5664 762 5726 ?
809 5665 905 5727 Sic
956 5665 1131 5744 igitur
1178 5672 1237 5726 et
1276 5665 1389 5726 hoc
1420 5663 1549 5725 loco
1584 5665 1798 5724 missus
1832 5661 2070 5743 quidem

2164 4602 2248 4664 ζεν
2293 4592 2391 4672 ἄρα
2446 4596 2543 4661 τῆς
2585 4596 2768 4653 τούτου
2824 4599 3106 4677 μαρτυρίας
3159 4596 3187 4652 ό
3222 4595 3526 4672 Μονογενὴς
3555 4593 3628 4653 ὡς
3658 4586 3805 4645 ἔλλι-

2161 4684 2268 4748 πὴς
2313 4685 2410 4757 ὢν,
2443 4682 2523 4739 διὰ
2552 4695 2707 4742 τοῦτο
2766 4687 3127 4765 προστίθησιν,
3183 4685 3262 4741 ὅτι
3304 4683 3433 4749 ἦλθε
3462 4680 3804 4759 μαρτυρήσων

2160 4776 2276 4845 περὶ
2331 4782 2423 4830 τοῦ
2481 4776 2601 4829 ι’ἱοῦ
2642 4784 2734 4833 τοῦ
2765 4779 2898 4832 Θεοῦ
2929 4790 2943 4807 ⁸
2991 4778 3095 4855 οὑχ
3153 4777 3225 4839 ὡς
3272 4773 3432 4832 αὑτοῦ
3483 4777 3581 4838 τῆς
3611 4768 3806 4824 ὶκείνου

2159 4864 2453 4941 χρῄζοντος
2498 4869 2803 4945 μαρτυρίας,
2874 4864 2992 4921 ἀλλ’
3065 4866 3159 4921 *ίνα
3225 4865 3418 4927 πάντες
3489 4860 3787 4917 πιστεύσωσ

2158 4949 2222 5006 δι’
2284 4952 2457 5013 αὑτοῦ.
2498 4944 2627 5031 Ἀρα
2660 4958 2747 5011 οὖν
2796 4957 2883 5011 καὶ
2935 4956 3131 5017 πάντες
3160 4955 3473 5011 ἒπίστευσαν
3501 4949 3567 5006 δι’
3598 4952 3758 5006 αὑτοῦ
3789 4970 3803 5021 ;

2159 5042 2315 5120 Οὐχί,
2362 5048 2481 5110 Πῶς
2540 5030 2628 5101 οὑν
2678 5067 2839 5125 φησιν
2883 5046 2911 5125 ό
2959 5043 3362 5122 εὖαγγελιστὴς.
3397 5067 3423 5097 ιι
3460 5030 3585 5097 ΗΙνα
3615 5038 3803 5101 πάντες

2158 5133 2476 5189 πιστεύσωσι
2510 5157 2525 5205 ;
2567 5158 2589 5192 ι
2640 5124 2760 5199 Πῶς
2796 5150 2812 5206 ς
2867 5124 3052 5212 “030v.
3092 5136 3152 5190 τὸ
3179 5134 3266 5190 ἔπ’
3298 5132 3502 5204 ἐκείνῳ,
3533 5127 3618 5184 διὰ
3656 5134 3805 5182 τοῦτο

2155 5218 2542 5301 ἐμαρτύρησεν,
2587 5224 2679 5281 ’ίνα
2738 5226 2936 5289 πάντας
3001 5222 3195 5299 ἕλκύσῃ
3230 5241 3243 5254 ’
3293 5224 3336 5278 εἰ
3387 5219 3441 5277 δὲ
3510 5216 3805 5286 ἠπίστησάν

2153 5333 2311 5390 τινες,
2375 5313 2471 5369 οὑκ
2501 5314 2705 5378 ἐκεῖνος
2752 5313 3043 5389 μεμπτέος,
3108 5310 3330 5379 Ἐπειδὴ
3358 5312 3447 5367 καὶ
3472 5309 3501 5365 ὁ
3542 5304 3696 5374 ἥλιος
3722 5306 3803 5365 ὶπὶ

2157 5401 2322 5474 τούτῳ
2366 5402 2664 5476 ἁνατέλλῖι,
2697 5403 2787 5458 ἵνα
2838 5402 3039 5465 πάντας
3099 5403 3304 5481 φωτίσῃ
3338 5419 3353 5433 ⁸
3385 5401 3429 5455 εί
3470 5396 3525 5453 δέ
3554 5418 3637 5458 τις
3669 5394 3795 5450 ἀπο-

2156 5488 2372 5555 κλείσας
2432 5494 2615 5549 ἓαυτὸν
2682 5493 2734 5549 ἐν
2789 5489 3010 5573 ζοφώδει
3068 5492 3343 5567 οἰκήματι,
3402 5490 3497 5545 οὑκ
3548 5482 3791 5542 ἀπολαύοι

2156 5580 2254 5645 τῆς
2300 5581 2517 5646 ἀκτῖνος
2578 5586 2758 5655 αὑτοῦ,
2800 5586 2849 5638 τί
2878 5592 3032 5640 τοῦτο
3088 5582 3217 5657 πρὸς
3273 5580 3364 5635 τὸν
3412 5577 3613 5653 ἧλιον;
3661 5573 3801 5653 Οὕτω

2158 5668 2443 5745 κάνταῦθα,
2506 5670 2779 5739 ἀπεστάλη
2836 5673 2933 5747 μὲν
3012 5672 3039 5727 ὁ
3120 5669 3395 5743 Ἰωάννης,
3453 5666 3543 5721 ἵνα
3615 5664 3804 5724 πάντες
