4140 6280
504 387 646 451 “Si

502 610 645 672 515
675 614 887 674 serviat
911 618 1221 690 creaturis,
1265 618 1369 681 sed
1403 619 1611 683 adoret
1639 621 2046 685 Conditorem.
2078 623 2153 686 At

503 701 781 792 mundus,
816 701 1034 785 inquit,
1059 725 1195 768 eum
1227 727 1344 768 non
1376 709 1653 789 cognovit
1687 730 1703 770 :
1735 712 1845 773 hoc
1876 719 1988 792 est,
2016 731 2153 789 pro-

502 790 764 852 miscuus
783 792 882 853 ille
905 794 1179 875 populus,
1194 797 1293 877 qui
1318 799 1632 861 mundanis
1654 799 1929 864 addictus
1947 790 2036 864 est
2052 820 2151 863 ne-

500 880 965 958 gotiisMundus
990 884 1149 945 enim
1165 886 1457 963 signiﬁcat
1478 888 1719 968 quidem
1735 898 1792 952 et
1810 891 2152 953 universum

499 969 635 1064 ltoc,
662 969 814 1064 sicut
836 972 947 1032 hoc
1000 971 1389 1064 locodictum
1435 986 1546 1059 est,
1582 979 1738 1060 quod
1766 981 2023 1043 mundus
2056 999 2161 1064 per

499 1056 692 1150 ipsum
718 1058 907 1150 factus
930 1069 1023 1124 est
1048 1079 1061 1124 :
1095 1062 1389 1141 signiﬁcat
1411 1056 1617 1128 autem
1652 1077 1709 1129 et
1729 1088 1834 1131 eos
1856 1070 1957 1150 qui
1982 1056 2158 1131 mun-

501 1147 573 1208 da
587 1166 663 1209 na
682 1149 941 1228 sapiunt:
968 1152 1119 1213 sicut
1142 1152 1239 1213 hic
1271 1153 1417 1215 dicit
1433 1156 1589 1237 quod
1610 1147 2023 1221 mundus—eum
2044 1177 2161 1220 non

506 1238 802 1315 cognovit,
837 1240 950 1301 hoc
972 1248 1061 1301 est
1093 1242 1317 1304 terreni
1339 1243 1638 1327 homines,
1662 1248 1938 1328 quoniam
1970 1247 2158 1309 sancti

1469 394 2065 460 THEOPHYLACTI
2110 398 2521 462 BULGARL‘E
2563 402 2917 464 ARGHIEP.

500 523 802 615 hominem
818 524 1141 615 induceret
1162 536 1223 588 ut
1239 531 1590 593 conﬁteatur
1604 531 2008 609 Factorem,et
2028 551 2148 596 non

2250 532 2401 589 πάντα
2461 534 2732 613 ἄνθρωπον
2812 535 3016 612 ὶινάγων
3102 536 3175 599 είς
3247 538 3305 592 τὸ
3377 535 3725 615 ὁμολογῆσαι

3768 403 3974 466 ηδε

3861 560 3975 593 τω

2238 622 2500 701 Πσιητὴν,
2559 626 2646 679 καὶ
2702 624 2780 699 μῆ
2858 623 3135 702 λατρεῦσαι
3209 638 3326 690 τοῖς
3392 625 3702 700 κτίσμασιν,
3790 625 3975 682 ἆλλᾶ

2235 717 2594 784 προσκυνῆσαι
2650 714 2742 769 τὸν
2808 712 3059 779 κτίστην.
3121 734 3144 769 ιι
3209 704 3268 771 Ὀ
3323 712 3523 789 κόσμος
3583 712 3664 794 δὲ,
3709 717 3973 795 φησὶν,

2236 800 2389 856 αὐτὸν
2445 805 2538 860 οὐκ
2595 801 2752 881 ἔγνω,
2792 828 2816 859 ι
2880 802 2995 859 ἀντὶ
3037 809 3153 876 τοῦ,
3200 805 3228 859 ὁ
3272 801 3499 883 χυδαῖος
3527 802 3683 883 λαὸς,
3722 807 3766 861 ὁ
3810 819 3963 865 τοῖς

2238 895 2330 944 1:03
2387 890 2590 965 κόσμου
2638 892 3015 971 προστετηκὼς
3060 892 3360 971 πράγμασι.
3428 895 3501 951 Τὸ
3543 894 3645 973 γὰρ
3711 916 3753 947 α
3844 896 3964 949 κό-

2240 998 2373 1051 σμος
2438 1001 2461 1035 ι
2527 977 2695 1054 ὄνομα
2756 979 3001 1055 σημαίνει
3058 981 3157 1056 μὲν
3208 983 3297 1037 καὶ
3350 982 3409 1038 τὸ
3466 983 3679 1056 σύμπαν
3724 989 3959 1052 τοῦτο,

2241 1067 2373 1123 καθὰ
2416 1066 2634 1126 ἐνταῦθα
2664 1068 2902 1147 εἴρηται,
2951 1068 3031 1125 ὅτι
3081 1089 3105 1125 ε
3145 1061 3203 1128 Ὀ
3226 1071 3428 1146 κόσμος
3471 1068 3540 1126 δι’
3584 1072 3761 1129 αὖτοῦ
3804 1071 3961 1149 ἐγέ-

2244 1177 2361 1211 νετο
2389 1175 2406 1193 ⁶
2450 1180 2471 1212 ι
2523 1160 2770 1233 σημαίνει
2800 1157 2855 1214 δὲ
2899 1161 2987 1215 καὶ
3016 1160 3135 1221 τοὺς
3168 1160 3234 1215 τὰ
3261 1161 3493 1235 κοσμιώ
3523 1160 3896 1240 φρονοῦντας
3937 1181 3953 1196 ·

2241 1247 2371 1302 καθὰ
2430 1246 2647 1306 ἐνταῦθά
2724 1250 2913 1328 φήσιν,
2988 1247 3069 1305 ὅτι
3136 1270 3160 1305 ι
3220 1240 3277 1307 Ὀ
3338 1250 3541 1326 κόσμος
3596 1250 3774 1307 αὑτὸν
3849 1250 3962 1307 οὖσι

506 1344 716 1391 omnes
744 1337 805 1391 et
835 1332 1141 1412 prophetae
1160 1343 1550 1411 agnoverunt.

2250 1334 2400 1411 ἔγνω,
2437 1355 2467 1395 )
2528 1337 2640 1394 ἀντὶ
2691 1345 2806 1411 τοῦ,
2865 1342 2909 1395 οἱ
2982 1339 3163 1416 γήϊνοι
3238 1337 3502 1411 ἅνθρωποι
3537 1354 3557 1375 ⁸
3618 1338 3749 1395 ἐπεὶ
3812 1340 3955 1416 οἶγε

2242 1423 2383 1501 ἅγιοι
2414 1425 2605 1489 πάντες
2636 1427 2724 1481 καὶ
2752 1428 2798 1482 οἱ
2829 1431 3095 1506 προφῆται
3123 1425 3458 1505 ἐπέγνωσαν.

592 1505 777 1569 Vens.
808 1509 903 1571 Η.
933 1532 961 1565 c
997 1510 1062 1572 In
1086 1513 1331 1594 propria
1356 1513 1601 1588 venit,et
1623 1515 1849 1596 proprii
1881 1535 2015 1579 eum
2040 1534 2158 1577 non

2333 1536 2360 1568 α
2397 1517 2483 1579 Εἱς
2515 1516 2579 1571 τὰ
2610 1514 2721 1571 ἴδια
2762 1514 2914 1587 ῆλθε,
2972 1516 3060 1572 καὶ
3089 1518 3137 1571 οἱ
3170 1514 3300 1573 ἴδιοι
3339 1515 3494 1573 αὐτὸν
3543 1519 3602 1573 οὗ
3662 1514 3948 1594 παρέλα-

514 1605 874 1676 receperunt
933 1624 956 1658 ι
995 1603 1115 1662 Ηοο
1142 1601 1270 1664 locu
1313 1603 1796 1665 manifestissime
1833 1605 2161 1684 ingreditur

2250 1601 2360 1664 εον.
2399 1626 2427 1658 to
2477 1604 2729 1662 Ἐνταῦθα
2787 1604 3130 1684 φανερώτατα
3180 1606 3254 1667 εἷς
3313 1605 3404 1661 τὸν
3433 1605 3552 1683 περὶ
3580 1604 3685 1671 τῆς
3715 1606 3947 1683 Mai?-

516 1701 856 1747 sermonem
886 1690 962 1751 de
990 1689 1401 1753 incarnatione
1430 1710 1444 1754 :
1475 1701 1531 1754 et
1561 1702 1648 1754 est
1675 1702 1828 1755 totus
1855 1694 2161 1756 sententia

2250 1713 2341 1747 κου
2412 1692 2715 1767 οἰκονομίας
2771 1691 2933 1770 λόγον
3016 1689 3302 1766 εἰσϐάλλει,
3364 1694 3453 1750 καὶ
3506 1693 3649 1750 ’ἐστιν
3710 1696 3748 1762 ἡ
3824 1693 3944 1759 ὅλη

513 1782 828 1863 contextus
850 1775 923 1851 is,
960 1781 1098 1841 Erat
1118 1779 1356 1861 quidem
1372 1780 1595 1863 absque
1622 1802 1800 1845 carne
1820 1784 1917 1845 lux
1936 1802 2067 1844 vera
2101 1782 2161 1845 in

2250 1781 2351 1861 ὕφῆ
2392 1788 2484 1837 τοῦ
2535 1783 2799 1857 νοήματος
2830 1781 3052 1848 τοιαύτη
3088 1800 3102 1815 ·
3135 1771 3231 1838 Ἠν
3278 1781 3376 1857 μὲν
3416 1784 3584 1862 χωρὶς
3615 1784 3836 1862 σαρκὸς
3876 1786 3946 1840 τὸ

520 1862 766 1937 mundo,
799 1871 857 1925 et
898 1885 1013 1928 non
1052 1854 1525 1949 agnoscebatur}
1562 1872 1781 1933 deinde
1838 1872 1896 1933 in
1929 1871 2161 1953 propria

2250 1854 2359 1949 φιῦς
2416 1873 2477 1926 τὸ
2526 1854 2773 1937 ἀληθινὸν
2829 1870 2884 1927 ἐν
2926 1877 3003 1944 τῷ
3050 1854 3289 1947 κόσμῳ,
3332 1854 3458 1926 καὶ.-
3482 1854 3577 1928 ob):
3637 1854 3944 1949 ἔπεγινώ-

516 1953 838 2041 venitcum
899 1973 1104 2020 carne.
1165 1958 1411 2039 Propria
1441 1968 1635 2021 autem
1683 1961 1811 2041 ejus
1858 1962 1945 2023 vel
1982 1969 2161 2024 totum

2251 1980 2408 2016 σκετο
2439 1979 2452 1994 ⁶
2500 1963 2620 2016 εἶτα
2664 1960 2751 2015 καὶ
2796 1961 2868 2023 εἰς
2923 1960 2989 2014 τὰ
3020 1957 3131 2015 ἴδια
3162 1958 3289 2027 ῆλθε
3334 1960 3469 2034 μετὰ
3497 1963 3727 2039 σαρκός.
3756 1959 3942 2019 "lacu

518 2040 805 2104 mundum
854 2044 1143 2125 intellige,
1198 2048 1287 2110 vel
1347 2048 1577 2111 Judaeos
1607 2040 1754 2130 quos
1785 2050 1949 2131 eligit
1976 2058 2043 2112 ut
2070 2052 2161 2112 fu-

2250 2045 2305 2103 δέ
2355 2052 2514 2107 αὺτοῦ
2555 2048 2590 2117 ἢ
2633 2049 2725 2105 τὸν
2774 2047 2896 2104 ὅλον
2927 2047 3129 2123 κόσμον
3159 2048 3392 2128 νοήσεις,
3426 2047 3463 2117 ἢ
3494 2048 3593 2117 τὴν
3623 2047 3935 2121 Ἰουδαίαν,

518 2130 783 2195 niculum
807 2134 1191 2209 ltaareditatis,
1224 2143 1281 2197 et
1303 2146 1367 2197 ut
1389 2139 1720 2217 portionem
1750 2130 2161 2221 peculiumque

2250 2139 2316 2195 ἢν
2366 2138 2630 2205 ἐξελέξατο
2672 2141 2745 2203 ὡς
2799 2138 3091 2218 σχοίνισμα
3133 2136 3515 2219 κληρονομίας,
3545 2139 3633 2195 καὶ
3693 2140 3774 2203 ὡς
3812 2161 3936 2214 με·

516 2241 710 2285 suum.
732 2246 748 2279 ι
764 2226 831 2286 Et
850 2224 1074 2305 proprii
1098 2244 1233 2286 eum
1261 2245 1378 2288 non
1400 2238 1817 2308 receperunt,»
1841 2230 1933 2292 vel
1956 2230 2161 2304 Judaei,

2251 2222 2388 2308 ρέδα,
2445 2230 2532 2285 καὶ
2590 2228 2662 2291 ὥς
2720 2227 3130 2307 περιουσιασμὸν
3200 2226 3377 2289 αὒτοῦ.
3432 2247 3454 2283 α
3528 2229 3627 2286 Καὶ
3689 2231 3741 2285 οἱ
3788 2226 3936 2285 ἴδιοι

515 2312 603 2417 vel
638 2313 843 2417 caeteri
864 2314 1139 2417 nomines
1163 2316 1260 2417 qui
1293 2315 1365 2378 ab
1394 2335 1463 2417 eo
1488 2318 1931 2417 conditiJgitur
1952 2338 2161 2417 quem-

2250 2319 2403 2376 αὐτὸν
2438 2319 2497 2373 οὖ
2523 2315 2844 2396 παρέλαϐον,
2900 2340 2927 2371 ι
2993 2314 3029 2383 ἢ
3082 2318 3131 2371 οἱ
3160 2314 3433 2387 ⁹ιουδαῒοι,
3467 2316 3503 2383 ἢ
3532 2317 3620 2372 καὶ
3651 2320 3705 2373 οἱ
3738 2316 3935 2375 λοιποὶ

2256 2404 2280 2417 ιι
2314 2410 2332 2417 Α
2624 2407 2636 2417 ι
2700 2407 2711 2417 ο
2771 2402 2785 2417 ο
2880 2408 2894 2417 ι
2973 2411 2993 2417 ..
3153 2404 3202 2417 ,ι
3384 2395 3421 2417 (ι
3449 2415 3456 2417 ξ
3661 2407 3686 2417 ι
3779 2405 3794 2417 ι

514 2402 836 2464 admodum
864 2403 1134 2483 deplorat
1156 2405 1517 2468 dementiam
1545 2408 1965 2485 hominum,ita
1990 2418 2047 2471 et
2066 2410 2161 2470 ad-

2250 2404 2533 2485 ἇὶνθρωποι,
2595 2407 2640 2462 εἱ
2695 2402 2785 2461 ὑπ’
2840 2408 2998 2464 αὐτοῦ
3026 2404 3346 2467 κτισθέντες.
3384 2402 3601 2482 “Ωσπερ
3630 2407 3727 2461 οὖν
3772 2405 3933 2463 ἄπο-

519 2491 771 2553 miratur
801 2492 1267 2556 misericordiam
1311 2494 1571 2559 Domini.
1614 2496 1724 2569 Qui
1757 2498 1976 2579 proprii
2008 2498 2161 2578 ejus,

2250 2495 2483 2552 κλαίεται
2538 2495 2636 2561 τὴν
2691 2492 2872 2554 ἄνοιαν
2947 2498 3051 2549 τῶν
3130 2492 3442 2573 ἀνθρώπων,
3512 2497 3601 2549 καὶ
3650 2496 3932 2569 θαυμζει

519 2580 729 2661 inquit,
757 2589 945 2661 erant,
965 2600 1084 2643 non
1109 2602 1317 2645 omnes
1347 2590 1709 2665 receperunt
1738 2605 1895 2647 eum.
1923 2587 2161 2650 Nullum

2250 2586 2346 2651 τῆν
2375 2582 2767 2663 φιλανθρωπίαν
2808 2589 2902 2638 τοῦ
2949 2581 3247 2639 Δεσπότοο.
3301 2579 3496 2662 ’¹ιδιοι,
3538 2583 3729 2661 φησὶν,
3762 2584 3929 2647 ὄντες

524 2673 813 2735 Dominus
844 2675 1194 2737 necessitate
1224 2676 1379 2755 cogit
1408 2685 1466 2738 et
1487 2678 1741 2753 attrahit,
1762 2678 1864 2740 sed
1896 2679 2161 2741 volunta-

2250 2673 2426 2747 αὐτοῦ,
2483 2676 2543 2730 οὔ
2585 2673 2779 2735 πάντες
2834 2668 3134 2749 παρέλαϐον
3188 2670 3367 2731 αὐτόν,
3425 2673 3496 2728 Οὒ
3545 2672 3646 2749 γὰρ
3695 2672 3926 2750 ἀνάγκῃ

522 2771 638 2823 tem
664 2762 907 2843 reliquit
935 2772 993 2824 et
1021 2764 1402 2828 electionem.

598 2852 777 2915 Vens.
815 2857 912 2916 12.
954 2877 978 2908 α
1014 2852 1309 2931 Quotquot
1355 2866 1551 2916 autem
1595 2867 1950 2936 receperunt
1999 2875 2159 2934 eum,

516 2938 684 3001 dedit
706 2941 790 3002 eis
819 2949 1162 3021 potestatem
1191 2942 1486 3005 ﬁeriﬁlios
1507 2943 1636 3018 Dei,
1671 2945 1765 3005 his
1795 2945 1895 3025 qui
1916 2946 2166 3008 credunt

517 3028 574 3091 in
628 3029 874 3093 nomine
920 3032 1070 3111 ejus.
1135 3057 1156 3088 ι
1218 3032 1354 3095 Sive
1406 3034 1583 3109 servi,
1641 3033 1763 3096 sive
1796 3034 1997 3118 liberi,
2044 3039 2165 3098 sive

2248 2765 2363 2818 τινὰ
2410 2761 2686 2842 ὲφέλκεται
2719 2763 2747 2816 ὃ
2783 2761 2992 2840 Κύριος,
3028 2758 3165 2815 ἀλλὰ
3208 2760 3400 2837 γνώμῃ
3448 2762 3538 2816 καὶ
3563 2762 3921 2839 προαιρέσει.

2335 2872 2365 2911 (
2397 2842 2560 2911 υΟσοι
2620 2850 2674 2907 δὲ
2717 2848 2904 2908 ἔλαϐον
2950 2852 3128 2925 αὑτὸν,
3188 2848 3377 2907 ἔδωκεν
3438 2853 3621 2915 αὐτοῖς
3669 2850 3923 2917 ἐξουσίαν

2247 2941 2406 2998 τέκνα
2466 2941 2597 2998 Θεοῦ
2639 2941 2905 3019 γενέσθαι,
2964 2952 3081 3003 τοῖς
3132 2940 3463 2996 πιστεύουσιν
3515 2941 3589 3005 εἱς
3629 2942 3693 2997 τὸ
3740 2940 3917 3015 ὄνομα

2248 3032 2405 3088 αὐτοῦ
2466 3053 2490 3089 ι
2558 3030 2664 3088 Κᾶν
2722 3028 2921 3106 (δοῦλοι²
2954 3026 3054 3085 κᾶν
3085 3027 3366 3107 ἐλεύθεροι,
3416 3028 3514 3084 κᾶν
3542 3027 3763 3103 παῖδες,
3809 3030 3919 3086 κᾶν

516 3119 710 3200 pueri,
745 3119 868 3182 sive
898 3139 1095 3197 senes,
1125 3121 1247 3183 sive
1278 3121 1546 3199 Barbari,
1583 3123 1706 3186 sive
1736 3125 1948 3197 Graeci,
1982 3116 2161 3206 quot-

2250 3121 2515 3200 γέροντες,
2576 3118 2673 3177 κᾶν
2729 3116 3010 3206 Βὶρόαροι,
3055 3117 3152 3174 κᾶν
3196 3116 3503 3194 ’¹Ελληνες,
3554 3117 3667 3174 ὅσοι
3718 3116 3917 3176 ἔλαϐον

516 3215 653 3287 quot
672 3218 1032 3288 receperunt
1054 3210 1386 3284 eum,dedit
1410 3213 1495 3274 eis
1520 3221 1868 3293 potestatem
1890 3214 2040 3276 ﬁlios
2063 3217 2167 3287 Dei

516 3296 792 3370 ﬁeri.Qui
817 3307 1012 3361 autem
1038 3311 1177 3361 sunt
1199 3301 1283 3361 illi
1309 3310 1336 3364 ?
1359 3300 1430 3362 Hi
1454 3308 1555 3382 qui
1583 3303 1908 3364 creduntin
1926 3303 2167 3365 nomine

513 3386 734 3465 ejus,hi
755 3388 1097 3470 scilicetqui
1121 3400 1397 3470 suscepto
1413 3388 1611 3453 Verbo
1635 3393 1823 3453 lucem
1848 3410 2043 3454 veram
2064 3411 2170 3474 per

515 3475 690 3536 ﬁdem
714 3486 1163 3556 receperunt,et
1187 3480 1587 3541 declararunt.
1624 3480 1806 3560 Cujus
1829 3482 2017 3561 gratia
2048 3500 2167 3544 non

514 3563 659 3625 dixit
679 3566 833 3644 quod
856 3566 1066 3628 fecerit
1111 3588 1212 3629 eos
1248 3570 1399 3630 ﬁlios
1423 3568 1552 3643 Dei,
1577 3571 1678 3631 sed
1713 3572 1867 3651 quod
1902 3579 2164 3651 potesta-

514 3660 630 3713 tem
656 3652 891 3716 dederit
913 3658 1000 3717 eis
1021 3657 1174 3718 ﬁlios
1191 3657 1296 3719 Dei
1316 3659 1445 3719 ﬁeri
1469 3658 1500 3719 ?
1520 3660 1702 3739 {‘ujus
1719 3660 1950 3739 gratia?
1980 3662 2115 3723 audi
2148 3680 2163 3724 :

515 3740 663 3831 Quia
694 3761 813 3803 non
837 3743 1053 3807 sufﬁcit
1084 3746 1155 3806 ad
1179 3747 1506 3808 custodiam
1555 3747 1822 3828 puritatis
1857 3749 2163 3831 baptizari,

514 3830 615 3919 sed
650 3838 708 3892 et
738 3832 922 3894 multo
955 3834 1146 3895 studio
1170 3845 1259 3898 est
1280 3855 1427 3916 opus
1452 3846 1513 3897 ut
1535 3836 1728 3917 imago
1752 3830 2084 3919 adoptionis
2105 3839 2166 3901 in

515 3917 729 3980 Filium
764 3922 893 4001 Dei,
923 3922 1171 4001 ﬁgurata
1201 3924 1259 3985 in
1294 3924 1669 4005 baptismate,
1705 3917 2168 3991 incontaminala

515 4017 803 4073 servetur:
831 4011 1051 4074 idcirco
1073 4014 1240 4076 multi
1264 4015 1503 4095 quidem
1525 4015 1583 4076 in
1597 4014 1891 4096 baptismo
1915 4022 2163 4097 gratiam

512 4112 868 4178 receperunt
898 4099 1253 4182 adoptionis,
1318 4122 1428 4181 per
1474 4103 1767 4183 ignaviam
1815 4114 2009 4167 autem
2046 4120 2164 4167 non

512 4186 752 4248 fuerunt
783 4189 884 4251 ﬁlii
917 4190 1023 4252 Dei
1056 4210 1244 4273 usque
1277 4192 1349 4253 ad
1407 4195 1613 4257 linem.
1651 4193 1940 4255 Fortassis
1968 4204 2163 4256 autem

515 4275 649 4355 quis
678 4277 851 4340 etiam
885 4279 998 4341 hoc
1029 4281 1247 4344 dixerit
1279 4283 1436 4362 quod
1490 4284 1659 4345 multi
1689 4283 1994 4365 recipiunt
2028 4303 2161 4345 eum

517 4383 623 4444 per
639 4366 746 4428 hoc
766 4368 918 4447 quod
942 4368 1134 4431 solum
1162 4372 1650 4451 credunt,quales
1672 4382 1806 4433 sunt
1830 4373 1931 4453 qui
1956 4373 2166 4435 dicun-

517 4461 615 4516 tur
636 4458 1343 4527 catechumenimondum
1367 4469 1564 4523 autem
1594 4463 1725 4525 facti
1750 4471 1888 4524 sunt
1909 4462 2011 4523 ﬁlii
2031 4461 2164 4538 Dei;

2250 3212 2431 3285 αὒτὸν,
2463 3208 2656 3267 ἔδωκεν
2712 3208 2900 3271 αὐτοῖς
2948 3205 3182 3272 ἔξουσίαν
3236 3206 3394 3263 τέκνα
3449 3210 3580 3264 Θεοῦ
3634 3207 3911 3285 γενέσθαι,

2250 3300 2395 3363 Τίνες
2453 3297 2509 3354 δέ
2552 3300 2679 3355 εἰσιν
2735 3296 2922 3376 οὗτοι;
2976 3298 3039 3355 Οἱ
3099 3296 3428 3361 πιστεύοντες
3484 3298 3557 3359 εἰς
3614 3299 3674 3353 τὸ
3736 3295 3912 3373 ὄνομα

2250 3391 2431 3448 αὐτοῦ.
2493 3377 2671 3443 ’Ὡστέ
2724 3387 2772 3443 οἱ
2826 3382 3081 3449 λαϐόντες
3129 3386 3220 3442 τὸν
3264 3385 3438 3463 Λόγον
3490 3387 3668 3442 καὶτὰ
3846 3386 3911 3442 τὸ

2251 3476 2522 3551 ἀληθινὸν,
2586 3474 2669 3532 διὰ
2731 3479 2830 3541 τῆς
2886 3475 3115 3537 πίστεως
3171 3471 3357 3529 ἔλαϐον
3426 3476 3513 3530 καὶ
3566 3473 3907 3540 ὑπεδέξαντο.

2252 3567 2400 3629 Τίνος
2459 3563 2513 3621 δὲ
2572 3565 2732 3645 χάριν
2775 3563 2835 3619 οὗ
2887 3564 3066 3635 εἶπεν,
3126 3560 3206 3618 ὅτι
3251 3562 3500 3630 εποίησεν
3531 3565 3715 3627 αὖτοὺς
3746 3564 3908 3621 τέκνα

2254 3658 2404 3723 Θεοῦ,
2470 3653 2587 3711 ἀλλ’
2614 3652 2714 3709 ,ὅτι
2763 3651 2996 3717 ἐξουσίαν
3051 3649 3245 3707 ἔδωκεν
3315 3655 3496 3715 αὐτοῖς
3552 3652 3708 3708 τέκνα
3770 3660 3906 3710 Θεοῦ

2253 3745 2491 3822 γενέσθαι
2528 3763 2545 3819 ;
2576 3743 2723 3805 Τίνος
2755 3739 2929 3797 ἕνεκεν
2961 3756 2978 3814 ;
3012 3738 3266 3816 ’¹Ακουε;
3300 3738 3380 3795 ὅτι
3410 3741 3504 3797 οὐκ
3535 3740 3744 3818 ἐξαρκεῖ
3771 3743 3905 3808 πρὸς

2250 3836 2346 3903 τῆν
2405 3833 2643 3909 φυλακὴν
2694 3836 2793 3899 τῆς
2840 3830 3200 3909 καθαρότητος
3248 3831 3309 3886 τὸ
3360 3830 3732 3908 βαπτισθῆναι,
3764 3829 3905 3887 ἀλλὰ

2250 3900 2337 3979 καὶ
2393 3900 2599 3988 πολλῆς
2667 3917 2897 3986 σπουδῆς
2942 3900 3121 3999 ipsiet.
3181 3919 3315 3975 ὥστε
3360 3900 3468 3985 τὴν
3513 3917 3567 3974 ἐν
3594 3925 3672 3993 τῷ
3698 3900 3903 3994 βαπτί-

2249 4034 2409 4087 σματι
2454 4013 2784 4068 τυπωθεϊσαν
2850 4007 3025 4064 εἰκόνα
3108 4012 3207 4075 τῆς
3262 4010 3515 4071 υἱοθεσίας
3571 4005 3904 4074 ἀκηλίδωτον

2248 4100 2554 4182 διαφυλάξαι
2589 4119 2604 4134 ο
2665 4097 2743 4155 διὸ
2772 4097 2963 4155 πολλοὶ
3004 4096 3196 4154 ’ἔλαϐον
3225 4098 3321 4174 μὲν
3350 4099 3449 4166 τῆν
3475 4096 3559 4153 διὰ
3580 4105 3674 4155 τοῦ
3699 4098 3901 4173 βαπτί-

2250 4213 2451 4269 σματος
2528 4190 2687 4268 χάριν
2743 4193 2842 4254 τῆς
2926 4188 3205 4259 υἱοθεσίας,
3262 4187 3653 4264 ῥᾳθυμήσαντες
3694 4184 3748 4241 δὲ
3802 4187 3903 4244 οὒκ

2250 4280 2493 4359 ἐγένοντο
2548 4278 2707 4334 τέκνα
2770 4284 2899 4335 Θεοῦ
2950 4275 3078 4356 ἄχρι
3137 4274 3342 4339 τέλους,
3389 4277 3545 4357 Τάχα
3601 4274 3645 4331 δ’
3702 4273 3764 4330 ἄν
3815 4298 3898 4341 τις

2250 4370 2397 4427 εἴποι
2458 4370 2546 4424 καὶ
2603 4375 2780 4445 τοῦτο,
2834 4364 2913 4422 ὅτι
2972 4364 3159 4421 πολλοὶ
3209 4363 3536 4441 λαμϐάνουσι
3599 4366 3696 4443 μὲν
3741 4369 3897 4424 uiti»:

2252 4459 2334 4516 διὰ
2365 4469 2456 4518 τοῦ
2484 4462 2760 4515 πιστεῦσαι
2804 4454 2988 4531 μόνον,
3036 4455 3147 4512 οἷοί
3190 4457 3320 4511 εἰσιν
3364 4459 3411 4512 οἱ
3447 4455 3725 4535 λεγόμενοι
3758 4466 3898 4515 Κατ-

512 4551 863 4622 potestatem
924 4557 1118 4610 autem
1178 4558 1316 4611 tunc
1366 4549 1609 4627 habent,
1671 4571 1805 4614 cum
1868 4552 2161 4613 voluerint

2250 4550 2572 4630 τιγοόμενοι,
2626 4545 2771 4601 οὔπω
2827 4542 2879 4599 δὲ
2950 4542 3189 4622 ἐγένοντο
3243 4545 3401 4602 τέκνα
3460 4553 3589 4602 Θεοῦ
3613 4559 3630 4575 ⁹
3665 4543 3894 4609 ἐξουσίαν

514 4633 819 4713 baptizari,
855 4645 911 4698 el
941 4638 1097 4699 hanc
1128 4638 1373 4715 gratiam
1408 4642 1718 4721 consequi,
1751 4640 2157 4721 adoptionem,

512 4722 843 4802 inquam,in
870 4726 1040 4790 ﬁlios.
1080 4727 1240 4789 Dicet
1270 4736 1469 4790 autem
1507 4732 1638 4810 quis
1660 4740 1716 4790 et
1740 4731 1852 4791 hoc
1886 4752 1898 4787 :
1935 4729 2159 4802 Quam-

512 4810 598 4871 vis
619 4811 677 4872 in
709 4813 1005 4893 baptismo
1036 4817 1370 4895 adoptionis
1392 4818 1751 4881 beneﬁcium
1774 4820 2159 4897 accipiamus,

514 4907 712 4963 tamen
766 4905 922 4983 quod
974 4905 1296 4985 perfectum
1354 4910 1529 4970 estin
1576 4908 2021 4971 resurrectione
2071 4927 2162 4968 ac-

514 4991 748 5070 cepturi
781 5004 1073 5069 sumus,et
1096 4995 1590 5074 perfectissimam
1613 4996 1991 5077 adoptionem
2026 5003 2164 5059 tunc

510 5089 855 5160 recepturos
886 5101 994 5142 nos
1026 5102 1363 5164 speramus:
1394 5086 1547 5147 sicut
1578 5094 1634 5147 et
1665 5085 1884 5147 Paulus
1915 5086 2107 5167 inquit
2144 5107 2158 5146 ε

510 5171 659 5241 Quia
690 5170 1069 5251 adoptionem
1107 5173 1361 5236 ﬁliorum
1410 5175 1738 5257 accipimus
1772 5177 1856 5236 '57.
1889 5175 2163 5256 Quapro-

510 5268 640 5341 pter
669 5267 724 5321 et
754 5260 849 5321 hic
882 5261 1236 5341 evangelista
1294 5283 1413 5325 non
1463 5266 1630 5337 dixit,
1674 5289 1695 5321 ιι
1734 5264 2034 5344 Quotquot
2063 5283 2165 5325 re-

511 5357 804 5429 ceperunt
834 5369 994 5423 eum,
1028 5376 1050 5409 »
1088 5353 1224 5414 fecit
1251 5373 1352 5415 eos
1382 5354 1538 5418 ﬁlios
1568 5354 1675 5417 Dei
1711 5377 1723 5417 :
1757 5355 1885 5435 sed,
1926 5379 1947 5411 α
1985 5354 2161 5418 Dedit

511 5439 599 5501 eis
631 5447 977 5518 potestatem
1008 5442 1161 5503 ﬁlios
1192 5441 1299 5504 Dei
1331 5444 1486 5515 ﬁeri,
1526 5468 1547 5501 ι
1587 5444 1700 5507 hoc
1732 5453 1844 5525 est,
1875 5444 2014 5504 me
2046 5443 2155 5506 de-

511 5526 600 5590 dit
631 5535 693 5589 ut
722 5530 780 5589 in
808 5529 1010 5592 futuro
1040 5531 1256 5593 saeculo
1314 5532 1559 5612 gratiam
1610 5533 1770 5596 illam
1806 5533 2150 5616 suscipiant.

584 5751 638 5797 ⁸⁷
666 5756 839 5817 Rom.
867 5770 1022 5833 vm,,
1053 5753 1155 5833 28,
1192 5763 1253 5820 et
1280 5754 1478 5821 Galat.
1510 5772 1595 5839 tv,
1615 5734 1678 5825 Β.

2246 4643 2426 4721 μέντοι
2472 4658 2534 4716 γε
2620 4633 2859 4713 ἔχουσιν,
2923 4634 2966 4689 εἰ
3023 4632 3297 4709 βούλοιντο
3378 4636 3750 4710 βαπτισθῆναι,
3808 4643 3895 4695 καὶ

2244 4732 2443 4796 ταύτης
2515 4723 2902 4789 καταξιωθῆναι
2971 4724 3071 4789 τῆς
3152 4725 3402 4805 χάριτος,
3477 4729 3576 4791 τῆς
3645 4726 3891 4791 υἱοθεσίας

2245 4820 2400 4903 φημί.
2457 4815 2607 4894 Ἐρεῖ
2654 4811 2709 4868 δέ
2754 4833 2834 4875 τις
2882 4813 2971 4868 καὶ
2997 4815 3181 4886 τοῦτο,
3210 4814 3291 4869 ὅτι
3323 4816 3382 4871 Ei
3417 4815 3504 4870 καὶ
3532 4811 3614 4869 διὰ
3642 4820 3737 4869 τοῦ
3791 4815 3887 4890 βαι

2244 4900 2536 4985 πτίσματος
2590 4906 2688 4970 τῆς
2745 4900 3000 4965 υἱοθεσίας
3058 4903 3157 4970 τὴν
3207 4904 3369 4983 χάριν
3424 4903 3709 4984 δεχόμεθα,
3762 4903 3891 4961 ἀλλὰ

2244 5003 2305 5057 τὸ
2363 4995 2563 5053 τέλειον
2624 4992 2676 5049 ἐν
2728 4997 2795 5067 τῇ
2847 4991 3128 5048 ἀναστάσει
3186 4991 3658 5069 ἀπολαμϐάνομεν,
3686 4994 3773 5049 καὶ
3800 4996 3890 5061 τὴν

2247 5086 2659 5149 ἐντελεστάστην
2735 5081 2990 5138 υἱοθεσίαν
3074 5083 3196 5138 τότε
3273 5081 3555 5156 ἐλπίζομεν
3609 5080 3887 5158 ἀπολήψε-

2244 5181 2359 5233 σθαι
2394 5194 2409 5208 ⁶
2457 5174 2590 5231 καθὰ
2619 5170 2682 5226 δὴ
2733 5171 2821 5226 καὶ
2857 5167 3060 5236 Παῦλός
3098 5193 3257 5251 φησιν
3293 5188 3307 5202 °
3371 5195 3395 5230 α
3433 5164 3561 5231 ’Ὁτι
3590 5170 3693 5237 τὴν
3724 5173 3887 5229 υἱσος-

2246 5268 2361 5322 σίαν
2414 5259 2840 5340 ἀπεκδεχόμεθα,
2892 5282 2920 5314 π
2989 5262 3087 5316 Διὰ
3139 5268 3295 5341 τοῦτο
3350 5269 3476 5341 γοῦν
3528 5261 3614 5317 καὶ
3665 5261 3814 5325 οὗτος
3860 5264 3883 5317 ὁ

2247 5350 2622 5431 εὖαγγελιστῆς
2708 5353 2803 5406 οὒκ
2853 5348 3031 5423 εἶπεν,
3092 5348 3173 5405 ὅτι
3223 5340 3387 5408 υΟσοι
3474 5345 3662 5406 ἔλαϐον
3722 5350 3870 5420 αὐτὸν,

2242 5444 2491 5510 εποίησεν
2544 5439 2732 5502 αὖτοὺς
2779 5437 2936 5494 τέκνα
2994 5446 3151 5514 Θεοῦ,
3183 5438 3328 5515 ἀλλ’,
3369 5464 3398 5496 α
3431 5436 3692 5498 ’Ἐδωκεν
3721 5442 3865 5497 αὐτοῖς

2238 5532 2469 5599 ἐξουσίαι
2540 5529 2697 5586 τέκνα
2770 5535 2900 5584 Θεοῦ
2951 5527 3216 5606 γενέσθαι,
3276 5551 3301 5583 n
3360 5529 3660 5607 τουτέστιν,
3716 5527 3759 5583 ὲν
3804 5529 3873 5598 τῷ

2236 5620 2483 5704 μέλλοντι
2525 5620 2671 5675 αἰῶνι
2701 5615 3074 5693 ἀπολήψεσθαι
3102 5618 3301 5686 ταύτην
3334 5618 3430 5685 τῆν
3462 5617 3647 5699 χάριν,
