4126 6282
207 357 399 425 1153

220 579 356 637 οὑδὲ
401 580 462 636 ἐκ
515 579 818 655 θελήματος
862 578 1070 660 ἀνδρὸς,
1129 581 1250 638 ἀλλ’
1301 585 1364 638 ἐκ
1417 590 1546 639 Θεοῦ
1607 582 1895 660 ἐγεννήθη-

219 692 362 729 σαν.
405 693 427 724 ι
493 670 775 748 Σύγκρισιν
832 670 1010 749 ὣσπερ
1053 685 1292 728 ποιεῖται
1344 677 1434 728 τοῦ
1487 673 1624 727 θείου
1681 674 1767 726 καὶ
1811 674 1902 727 τοῦ

221 759 496 838 σαρκικοῦ
538 759 715 831 τόκοι,
777 759 871 816 οὒκ
937 760 1205 817 ἆπεικότω
1282 760 1702 835 ἀναμιμνήσκων
1759 762 1902 834 ἡμᾶς

225 853 348 904 τῶν
394 855 659 926 σαρκικῶν
724 846 946 922 ὠδίνων,
1013 847 1131 904 ἀλλ’
1191 848 1333 914 ὅπως
1393 846 1477 904 διὰ
1527 854 1627 915 τῆς
1686 849 1902 925 συγκρί-

233 957 384 1000 σεως
416 937 728 1014 ἐπιγνόντες
786 939 950 1013 ἡμεῖς
1010 945 1104 994 τοῦ
1132 940 1386 1018 σαρκικοῦ
1414 937 1574 996 τόκου
1602 939 1662 994 τὸ
1695 937 1906 1014 ἀγεννὲς

233 1027 333 1082 καὶ
363 1028 644 1100 ταπεινὸν,
691 1027 823 1105 πρὸς
874 1027 972 1093 τὴν
1021 1027 1162 1082 θείαν
1212 1029 1370 1106 χάριν
1415 1025 1721 1102 δράμωμεν,
1766 1025 1906 1090 Φησὶ

231 1117 369 1192 γοῦν
404 1132 418 1145 '
471 1137 498 1169 α
535 1118 600 1172 Οἳ
634 1119 729 1173 οὐκ
757 1114 810 1181 ἐξ
856 1116 1092 1190 αἱμάτων
1121 1117 1503 1195 ἐγεννήθησαν,
1538 1135 1567 1173 ι
1604 1122 1707 1172 τῶν
1738 1137 1903 1170 κατα.-

236 1204 454 1277 μηνίων
485 1201 687 1272 δηλαδή
724 1221 738 1236 ·
776 1204 835 1260 ἐκ
877 1205 1077 1261 τούτων
1122 1207 1220 1284 γὰρ
1273 1207 1308 1273 ἡ
1337 1205 1505 1285 τροφὴ
1537 1206 1624 1260 καὶ
1675 1205 1708 1271 ἦ
1741 1202 1905 1269 αὔξη-

236 1313 326 1356 σις
389 1299 466 1366 τῷ
521 1290 768 1370 ἔμϐρύῳο
833 1293 953 1373 (13)
1018 1296 1144 1373 φασὶ
1194 1293 1248 1349 δὲ
1316 1293 1395 1351 ὅτι
1439 1295 1526 1349 καὶ
1582 1294 1644 1348 τὸ
1701 1291 1908 1369 σπέρμα

239 1386 461 1458 πρῶτον
518 1379 914 1456 ἐξαιματοῦται,
967 1387 1088 1439 εἶτα
1131 1385 1204 1447 είς
1248 1383 1415 1462 σάρκα
1466 1384 1553 1437 καὶ
1598 1381 1696 1447 τὴν
1739 1379 1907 1447 ἄλλην

241 1468 548 1537 διασκευὴν
609 1470 1059 1544 μεταπλάττεται.
1123 1472 1273 1528 Ἐπεὶ
1344 1470 1397 1527 δὲ
1458 1472 1596 1533 εἰκὸς
1652 1471 1716 1538 ἧν
1763 1491 1908 1534 τινας

241 1560 448 1637 εἰπεῖν,
481 1558 561 1614 ὅτι
606 1561 694 1615 καὶ
723 1566 815 1616 τοῦ
860 1559 1041 1618 Ἰσαὰκ
1096 1560 1282 1617 λοιπὸν
1325 1561 1359 1628 ἡ
1411 1559 1656 1638 γέννησις
1687 1558 1904 1624 τοιαύτη

241 1649 339 1726 ἦν,
376 1647 498 1703 οἵαν
531 1650 815 1726 γεννῶνται
875 1651 922 1706 οἱ
979 1651 1316 1713 πιστεύοντες
1373 1651 1448 1711 εἷς
1497 1649 1765 1726 Χριστόν·
1821 1651 1905 1704 καὶ

241 1738 348 1815 γὰρ
393 1737 485 1792 καὶ
515 1738 542 1792 ὀ
602 1737 786 1795 Ἰσαὰκ
832 1740 926 1796 οὒκ
971 1738 1021 1804 ἐξ
1053 1740 1292 1815 αἱμάτων
1336 1739 1591 1815 ἐγεννήθη
1625 1755 1642 1773 ⁸
1703 1735 1905 1801 ἐξέλιπε

968 357 1412 421 ENARRATIO
1459 361 1538 422 IN
1588 355 2089 422 EVANGELIUM
2137 357 2479 422 JOANNIS.
2537 395 2597 404 -—-
2636 363 2800 423 CAP.
2853 365 2902 423 Ι.

319 516 353 546 α
389 491 455 549 Οἳ
516 493 613 548 οὒκ
655 491 706 556 ἐξ
743 490 1005 566 αἱμάτων,
1063 490 1179 548 οὐδὲ
1223 492 1283 549 ἐκ
1325 491 1624 568 θελήματος
1676 494 1889 570 σαρκὸς,
1919 505 1954 548 Λ

3488 365 3637 425 1154

2063 490 2247 554 VEns.
2290 492 2384 554 13.
2421 523 2441 551 ι
2480 491 2588 563 Qui
2623 513 2740 552 non
2777 512 2845 555 ex
2889 496 3310 574 sanguinibus,
3349 515 3548 577 neque
3577 516 3643 556 ex

1986 581 2282 641 voluntate
2314 581 2530 652 carnis,
2570 601 2765 663 neque
2798 603 2868 644 ex
2919 585 3220 646 voluntate
3273 587 3405 662 viri,
3438 587 3541 646 sed
3576 604 3645 647 ex

1987 672 2108 731 Deo
2131 671 2246 729 nati
2270 679 2462 731 sunt.»
2507 669 3024 750 Comparationem
3049 675 3643 754 quodammodofacit

1988 758 2198 819 divinae
2223 767 2280 819 et
2309 761 2566 821 carnalis
2589 763 3143 842 generationis,n9n
3179 764 3436 824 absurde
3461 765 3642 825 redu-

1991 865 2136 908 cens
2169 848 2340 908 nobis
2373 849 2432 908 in
2465 852 2813 910 memoriam
2840 853 3111 913 carnales
3135 854 3646 932 partus,utagnila

1989 935 2212 996 vilitate
2233 946 2289 996 et
2306 938 2639 999 humilitate
2659 940 2913 1000 carnalis
2931 943 3332 1019 generationis
3349 961 3454 1022 per
3473 961 3643 1003 com-.

1992 1025 2390 1106 parationem,
2426 1029 2496 1086 ad
2555 1028 2812 1088 divinam
2846 1031 3087 1106 gratiam
3126 1049 3452 1091 curramus.
3491 1031 3647 1093 Dicit

1989 1114 2194 1194 igitur,
2226 1115 2372 1186 «Qui
2407 1135 2524 1176 non
2559 1135 2627 1178 ex
2662 1117 3051 1195 sanguinibus
3088 1119 3206 1178 nati
3237 1128 3432 1199 sunt,»
3477 1138 3646 1180 men-

1992 1202 2173 1286 struis
2197 1203 2448 1286 scilicet.
2484 1206 2570 1266 Ex
2592 1205 2711 1266 illis
2734 1206 2893 1266 enim
2919 1207 3164 1286 embryo
3210 1209 3646 1268 nutrimentum

1993 1282 2172 1343 habet
2187 1294 2243 1344 et
2262 1285 2703 1346 incrementum
2720 1287 2961 1348 .Dicunt
2981 1282 3174 1347 autem
3193 1287 3346 1366 quod
3370 1295 3641 1353 etsemen

1993 1371 2249 1450 primum
2281 1375 2588 1451 sanguinis
2629 1384 2899 1435 naturam
2932 1375 3206 1456 accipiat,
3251 1385 3309 1436 et
3338 1377 3552 1437 deinde
3583 1377 3642 1436 in

1994 1480 2231 1522 carnem
2261 1475 2320 1523 et
2342 1463 2512 1524 aliam
2535 1464 2992 1544 dispositionem
3019 1462 3644 1537 trausformetur.Quia

1990 1562 2188 1610 autem
2213 1551 2517 1631 probabile
2544 1562 2632 1613 est
2653 1554 2937 1632 quosdam
2968 1557 3237 1615 dicturos
3271 1554 3425 1634 quod
3451 1563 3508 1615 et
3527 1574 3639 1615 na-

1991 1639 2181 1701 tivitas
2233 1639 2395 1702 Isaac
2452 1642 2579 1702 fere
2635 1643 2766 1702 talis
2828 1643 3025 1716 fuerit,
3079 1644 3234 1722 quali
3285 1654 3643 1721 generantur

1990 1729 2307 1790 credentes
2327 1730 2386 1790 in
2415 1729 2973 1806 Christum;etenim
3001 1733 3161 1793 lsaac
3182 1751 3300 1792 non
3320 1751 3386 1793 ex
3408 1733 3642 1808 sangui-

242 1825 346 1904 γὰρ
405 1833 472 1902 τῇ
536 1826 708 1905 Σάρρᾳ
752 1829 816 1884 τὰ
864 1830 1169 1905 καταμήνια
1205 1844 1218 1858 ·
1255 1828 1368 1884 ἐπεί
1416 1828 1585 1882 τοίνυν
1635 1823 1908 1904 ἐνεδέχετό

2005 1818 2165 1878 nibus
2189 1831 2361 1880 natus
2381 1832 2470 1880 est
2496 1840 2508 1878 :
2537 1821 2882 1881 defecerant
2906 1821 3061 1882 enim
3087 1820 3279 1882 Sarra;
3296 1830 3598 1882 menstrua
3624 1845 3639 1894 ;

243 1935 394 1977 τινας
444 1915 741 1981 ὑπονόῆσαι
784 1918 962 1990 τοῦτο,
1027 1916 1212 1995 ἐπάγει
1262 1918 1346 1990 τὸ,
1409 1937 1431 1970 ιι
1496 1913 1624 1971 Οὐδὲ
1668 1914 1728 1970 ἐκ
1754 1912 1907 1983 θελή-

1991 1907 2185 1988 itaque
2216 1910 2353 1988 quia
2401 1909 2688 1988 possibile
2739 1918 2826 1969 est
2848 1909 3134 1990 quosdam
3167 1910 3302 1971 talia
3323 1910 3636 1990 suspicari,

247 2026 420 2080 ματος
475 2006 694 2084 σαρκὸς,
746 2004 863 2061 οὐδὲ
908 2007 968 2063 ἐκ
1012 2005 1310 2080 θελήματος
1344 2004 1549 2084 ἀνδρός.
1586 2027 1613 2059 ι
1663 2005 1762 2060 Καὶ
1804 2004 1904 2081 γὰρ

2005 1996 2188 2057 subdit
2224 2019 2236 2060 :
2279 2023 2298 2052 ο
2341 1997 2547 2078 Neque
2578 2018 2645 2059 ex
2664 1999 2964 2061 voluntate
2988 1999 3411 2080 carnis,neque
3441 2018 3508 2061 ex
3536 2021 3636 2060 vo-

245 2100 326 2168 τῷ
388 2091 568 2150 Ἰσαὰκ
623 2095 666 2149 εἰ
718 2095 813 2151 οὒκ
873 2093 925 2160 ἐξ
956 2097 1196 2171 αἱμάτων
1254 2097 1289 2163 ἡ
1334 2094 1607 2172 γέννησις,
1654 2091 1790 2148 ἀλλὰ
1842 2114 1902 2170 γε

2010 2095 2211 2147 untate
2240 2088 2373 2151 viri.
2413 2112 2440 2142 »
2479 2088 2706 2149 Etenim
2735 2088 3005 2168 quamvis
3039 2089 3312 2150 nativitas
3331 2089 3491 2150 Isaac
3515 2108 3632 2150 non

253 2183 314 2238 ἐκ
372 2181 672 2258 θελήματος
718 2183 902 2264 ἀνδρός
935 2200 949 2214 ⁸
998 2183 1152 2251 ἤθελε
1208 2186 1308 2264 γὰρ
1338 2182 1507 2254 δήπου
1538 2184 1564 2238 ὁ
1598 2182 1731 2259 ἀνὴρ
1773 2203 1900 2259 γεν-

2005 2175 2158 2235 'uerit
2184 2194 2252 2236 ex
2279 2177 2822 2256 sanguinibus,erat
2852 2187 3046 2238 tamen
3071 2197 3141 2238 ex
3159 2181 3460 2240 voluntate
3489 2179 3615 2238 viri.

251 2275 475 2338 νηθῆναι
532 2272 675 2346 αὖτῷ
732 2271 936 2330 παιδίον
987 2273 1048 2330 ἐκ
1086 2278 1185 2341 τῆς
1243 2271 1470 2351 Σάρρας,
1520 2272 1615 2327 Ἐκ
1659 2269 1900 2344 θελήμα-

253 2381 342 2422 τος
395 2357 448 2414 δέ
493 2363 710 2439 σαρκὸς,
747 2363 821 2426 ὡς
853 2362 912 2418 ἐκ
942 2367 1038 2428 τῆς
1070 2362 1291 2428 "Aw-nc
1336 2363 1363 2417 ὁ
1406 2359 1684 2435 Σαμουήλ.
1721 2359 1912 2422 Εἴποις

255 2450 342 2504 οὖν
394 2449 486 2504 τὸν
542 2449 640 2524 μὲν
698 2447 877 2506 Ἰσαὰκ
933 2449 999 2506 ἐκ
1027 2450 1338 2525 θελήματος,
1362 2447 1569 2528 ἀνδρὸς,
1604 2449 1694 2504 τὸν
1726 2445 1780 2502 δὲ
1811 2454 1916 2503 Σα-

255 2536 430 2612 μουὴλ
486 2537 546 2594 ἐκ
604 2537 904 2615 θελήματος
963 2541 1187 2618 σαρκὸς,
1253 2537 1517 2610 τουτέστι,
1567 2542 1661 2603 τῆς
1705 2537 1912 2614 ἅνθρω-

255 2629 413 2693 πίνης
437 2626 528 2708 (a)
565 2646 580 2662 ⁸
631 2626 784 2703 tato:
826 2629 926 2709 γὰρ
957 2631 1049 2685 τοῦ
1099 2629 1394 2698 κτήσασθαι
1453 2624 1621 2682 παῖδα
1665 2627 1699 2692 ἡ
1729 2628 1914 2703 στεῖρα

263 2715 395 2783 αὕτη
425 2731 438 2745 ⁶
499 2717 644 2796 τάχα
702 2715 760 2772 δὲ
822 2719 910 2774 καὶ
968 2718 1241 2797 ἀμφότερα
1313 2717 1398 2773 ἐπὶ
1457 2715 1791 2795 ἀμφοτέρων.
1859 2714 1914 2770 Εἰ

261 2803 316 2859 δέ
371 2827 420 2861 τι
463 2806 556 2861 καὶ
612 2805 790 2885 ἕτερον
846 2805 1061 2883 βούλοιο
1103 2810 1318 2882 μαθεῖν,
1368 2805 1547 2879 ἄκουε,
1581 2804 1660 2860 ὄτι
1702 2805 1737 2872 ἡ
1781 2803 1915 2858 κατὰ

259 2893 426 2973 σάρκα
488 2893 624 2968 μίξις
681 2895 718 2961 ἢ
776 2896 881 2951 ἀπὸ
910 2896 1196 2976 πυρώσεως
1226 2896 1454 2974 φυσικῆς
1481 2894 1679 2973 γίνεται
1714 2907 1726 2921 ·
1770 2889 1912 2948 πολ-

260 2980 410 3047 λάκις
455 2983 555 3060 γὰρ
611 3005 691 3046 τις
751 2982 910 3063 ἔτυχε
957 2983 1287 3047 διαπλάσεως
1335 2982 1681 3062 θερμοτέρας,
1724 2982 1813 3036 καὶ
1855 2978 1915 3034 ἐκ

264 3072 445 3127 τούτου
514 3071 652 3129 ἐστὶν
735 3073 1090 3154 εὐκατάφορος
1158 3072 1289 3153 πρὸς
1375 3072 1647 3129 συνουσίαν
1738 3077 1914 3149 (τοῦτο

265 3161 386 3236 γοῦν
429 3162 672 3235 ὠνόμασε
731 3162 940 3238 θέλημα
983 3161 1231 3242 σαρκὸς),
1279 3162 1316 3230 ἢ
1347 3161 1432 3218 διὰ
1476 3161 1713 3240 πονηρὰν
1746 3160 1912 3229 συνή-

1994 2261 2191 2324 Voluit
2220 2266 2378 2326 enim
2434 2267 2635 2346 utique
2679 2266 2765 2327 vir
2816 2285 3102 2344 generare
3133 2267 3248 2328 sibi
3279 2285 3526 2347 puerum
3560 2269 3634 2328 de

1996 2354 2195 2416 Sarra.
2231 2356 2308 2415 Ex
2344 2354 2643 2416 voluntate
2697 2365 2891 2417 autem
2927 2357 3146 2433 carnis,
3183 2356 3338 2418 sicut
3367 2376 3436 2419 ex
3468 2362 3642 2418 Anna

1997 2444 2252 2504 Samuel.
2293 2442 2520 2505 Dixerit
2558 2445 2716 2506 enim
2743 2446 2876 2526 quis
2909 2444 3072 2508 Isaac
3093 2465 3162 2507 ex
3179 2445 3477 2507 voluntate
3509 2445 3642 2526 viri,

1997 2529 2335 2594 Samuelem
2357 2552 2493 2594 vero
2513 2553 2581 2595 ex
2601 2535 2903 2596 voluntate
2920 2535 3138 2609 carnis,
3165 2536 3275 2596 hoc
3316 2544 3404 2596 est
3430 2535 3637 2596 Anna.

1998 2619 2191 2683 Sitivit
2222 2623 2405 2691 enim.
2460 2623 2670 2705 inquit,
2704 2632 2769 2684 ut
2797 2624 3128 2703 possideret
3184 2625 3367 2686 tilium
3420 2623 3645 2686 sterilis

1997 2710 2111 2770 ista
2170 2710 2458 2772 Fortassis
2479 2721 2674 2773 autem
2698 2713 2872 2774 ambo
2894 2732 2963 2774 ex
2982 2714 3273 2794 utrisque.
3309 2713 3471 2786 Quod
3505 2712 3554 2774 si
3588 2721 3646 2772 et

1997 2799 2153 2860 aliud
2172 2802 2312 2879 quid
2337 2802 2593 2862 volueris
2609 2801 3030 2880 discere,audi:
3052 2803 3318 2864 Carnalis
3335 2802 3525 2863 coitus
3553 2801 3644 2862 vel

1998 2889 2060 2949 ﬁt
2077 2908 2109 2948 a
2132 2889 2381 2949 naturali
2404 2893 2806 2970 ardorezsaepe
2825 2891 2983 2951 enim
2999 2891 3134 2971 quis
3154 2891 3458 2953 calidioris
3480 2909 3648 2955 com-

1998 2977 2290 3058 plexionis
2313 2987 2492 3058 est,et
2520 2977 2660 3039 inde
2693 2980 2764 3039 ad
2798 2979 3015 3039 coitum
3050 2989 3144 3041 est
3174 2980 3549 3060 propensior,
3583 2986 3642 3037 et
3736 2999 3741 3004 ’

1999 3068 2108 3128 hoc
2130 3067 2388 3147 appellat
2409 3068 2763 3128 voluntatem
2789 3068 2986 3129 carnis
3009 3087 3021 3130 :
3050 3068 3138 3129 vel
3164 3077 3407 3149 propter
3427 3067 3641 3128 malam

1999 3157 2583 3231 consuetudinem,et
2601 3156 3123 3238 intemperantiam
3148 3158 3357 3232 diaetae,
3387 3159 3646 3238 impetus

259 3251 426 3322 θειαν,
460 3252 546 3307 καὶ
606 3251 900 3309 ἀκόλαστον
959 3250 1181 3329 δίαιταν,
1240 3255 1275 3321 ἡ
1309 3254 1439 3330 πρὸς
1470 3250 1744 3310 συνουσίαν
1774 3249 1915 3327 ὁρμὴ

2005 3246 2257 3306 coeundi
2287 3247 2601 3307 violentior
2624 3247 2774 3321 ﬁt,et
2794 3233 2970 3308 illum
3001 3248 3266 3308 nominat
3291 3233 3645 3309 voluntatem

262 3337 494 3418 ἄσχετος
554 3341 775 3422 γίνεται,
834 3341 899 3410 ἢν
941 3340 1150 3418 θέλημα
1193 3339 1379 3422 ἀνδρὸς
1411 3339 1683 3418 ἐκάλεσεν,
1743 3341 1814 3401 ὡς
1860 3337 1919 3393 οὒ

267 3435 362 3497 τῆς
408 3437 635 3510 φυσικῆς
692 3431 1050 3509 διαπλάσεως,
1098 3433 1234 3490 ἀλλὰ
1281 3439 1378 3501 τῆς
1432 3443 1526 3492 τοῦ
1568 3430 1753 3510 ἀνδρὸς
1785 3429 1918 3487 ἀκο-

267 3517 451 3585 λασίας
509 3520 662 3600 ἔργον
723 3530 902 3583 οὖσαν.
968 3523 1144 3585 ’Ἴσως
1199 3521 1276 3602 δὲ,
1340 3523 1452 3578 ἐπεὶ
1492 3520 1622 3579 ποτὲ
1652 3522 1748 3596 μὲν
1780 3519 1922 3598 εὑρί-

268 3629 446 3666 σκεται
481 3612 516 3678 ἦ
579 3611 712 3690 γυνὴ
771 3613 901 3690 πρὸς
949 3613 1219 3670 συνουσίαν
1271 3611 1652 3691 εὐκατάφορος,
1683 3610 1811 3666 ποτὲ
1862 3607 1917 3664 δὲ

270 3700 296 3754 ὁ
337 3699 495 3775 ἀνὴρ,
529 3697 613 3756 διὰ
656 3701 755 3776 μὲν
795 3707 888 3758 τοῦ
944 3701 1241 3778 θελήματος
1298 3706 1391 3758 τοῦ
1449 3698 1632 3778 ἀνδρὸς
1687 3699 1787 3767 τὴν
1822 3705 1915 3755 τοῦ

267 3786 446 3868 ἀνδρὸς
503 3788 750 3868 λαγνείαν
796 3789 1031 3861 ἐδήλωσε
1067 3807 1081 3822 ⁸
1139 3789 1223 3848 διὰ
1250 3789 1306 3847 δὲ
1344 3797 1437 3846 τοῦ
1485 3788 1784 3864 θελήματος
1814 3789 1912 3854 τῆς

268 3879 481 3958 σαρκὸς,
545 3880 642 3948 τὴν
683 3883 782 3946 τῆς
827 3881 1097 3957 γυναικός,
1143 3881 1371 3950 Νοήσεις
1404 3878 1488 3958 (ὁ)
1516 3875 1562 3934 δ’
1594 3877 1656 3932 ἂν
1698 3877 1914 3942 εἰκότως

265 3967 348 4022 καὶ
403 3966 612 4045 θέλημα
672 3969 866 4044 σαρκὸς
909 3970 1010 4037 τὴν
1055 3969 1330 4046 ἐπιθυμίαν
1380 3969 1478 4037 τὴν
1535 3969 1914 4048 ἀναζωπυροῦ-

2005 3335 2144 3416 ιὶιιὶ,
2177 3337 2332 3416 quod
2384 3355 2501 3397 non
2536 3337 2614 3397 sit
2655 3354 2726 3397 ex
2776 3336 3027 3398 naturali
3059 3337 3499 3420 constitutione,
3541 3339 3648 3400 sed

2003 3443 2152 3505 opus
2171 3427 2244 3487 sit
2260 3425 2445 3486 virilis
2467 3424 3267 3506 intemperantiaeFortassis
3286 3440 3488 3491 autem
3511 3428 3651 3509 quia

2006 3515 2223 3575 mulier
2250 3514 2549 3576 interdum
2578 3515 2874 3577 invenitur
2898 3517 2972 3577 ad
3003 3519 3222 3577 coitum
3270 3519 3646 3598 propensior,

2005 3603 2304 3665 interdum
2331 3623 2468 3666 vero
2503 3607 2611 3679 vir,
2641 3624 2746 3686 per
2769 3609 3126 3668 voluntatem
3158 3607 3396 3687 quidem
3429 3609 3648 3688 carnis,

1996 3695 2288 3755 intellexit
2315 3695 2604 3770 mulieris,
2622 3713 2728 3775 per
2749 3694 3110 3756 voluntatem
3137 3707 3332 3757 autem
3368 3697 3499 3770 viri,
3534 3697 3641 3757 viri

1999 3783 2299 3850 lasciviam
2337 3783 2716 3864 signiﬁcavit.
2754 3784 3058 3864 intelliges
3104 3793 3300 3847 autem
3349 3795 3515 3848 recte
3547 3804 3653 3867 per

1997 3875 2359 3936 voluntatem
2373 3873 3132 3954 carnis,concupiscentiam
3149 3876 3567 3938 incendentem
3582 3876 3655 3936 ad

1998 3965 2218 4027 coitum
2243 3981 2486 4024 carnem
2515 3981 2528 4022 :
2558 3981 2668 4044 per
2695 3964 3060 4026 voluntatem
3095 3973 3293 4027 autem
3338 3964 3474 4040 viri,
3503 3984 3652 4028 con-

1346 4098 1427 4160 Ex
1459 4097 1781 4161 collatione
1818 4103 1995 4167 codd.
2031 4101 2243 4164 Venet.
2278 4102 2335 4159 S.
2375 4099 2584 4160 Marci.

345 4222 464 4304 (13)
525 4221 671 4285 Cod.
735 4223 838 4304 3_1,
917 4225 979 4282 ἐκ
1019 4226 1222 4284 τούτων
1275 4225 1376 4303 γὰρ
1417 4227 1452 4293 ἡ
1509 4224 1678 4304 τροφὴ
1735 4226 1823 4283 καὶ
1893 4225 1919 4292 ἡ

2012 4222 2085 4284 Et
2107 4217 2346 4300 quidem
2376 4236 2586 4304 omnes
2608 4217 2708 4297 qui
2733 4236 2800 4304 ea
2831 4218 2972 4280 viris
2997 4218 3358 4304 feminisque
3390 4238 3653 4304 nascun—

276 4302 488 4370 αὔξησις
543 4308 620 4377 τῷ
680 4302 916 4384 ἐμϐρύῳ,
979 4307 1177 4372 Πάντες
1229 4302 1299 4362 οἱ
1335 4304 1386 4370 ἐξ
1442 4302 1640 4384 ἀνδρῶν
1688 4307 1774 4361 καὶ
1833 4328 1931 4384 γυέ-

273 4389 462 4441 ναικῶν
520 4383 822 4460 τικτόμενοι
896 4387 1125 4464 φυσικὴν
1177 4385 1430 4463 γέννησιν
1493 4383 1678 4464 ’έχουσι
1730 4386 1828 4453 τὴν
1880 4383 1932 4450 ἐξ

275 4464 531 4563 αἱμάτων,
619 4447 771 4520 Ἐ’πεὶ
850 4447 921 4520 δὲ6
974 4447 1094 4522 τῶν.
1143 4447 1419 4563 ἀλλήλοις,
1460 4447 1933 4563 συταρμοζομὲνων

272 4541 467 4626 ἀνδρῶν
523 4564 581 4599 τε
648 4546 736 4626 καὶ
795 4552 1082 4626 γυναικῶν,
1142 4548 1188 4626 οἱ
1240 4544 1336 4621 μὲν
1398 4541 1768 4626 ἀνδριζόμενοι
1798 4545 1934 4626 κα.τὰ

275 4629 389 4703 τῆς-
442 4624 722 4699 ἐπιθυμίας
828 4625 922 4693 τῆς
1025 4623 1244 4703 σαρκὸς,
1349 4625 1760 4703 συναρμόζονται
1854 4623 1938 4682 διὰ

277 4701 642 4777 παιδοποιίαν,
697 4707 744 4761 οἱ
787 4704 842 4760 δὲ
892 4701 1256 4785 ἀνδριζόμενοι
1300 4703 1420 4763 κατ’
1478 4701 1662 4780 αὐτῆς,
1710 4703 1778 4760 δι’
1837 4705 1936 4761 αὖ·

277 4784 372 4850 τὴν
435 4783 847 4859 συναρμόζονται
920 4783 1017 4853 τὴν
1077 4785 1376 4867 ἐπιθυμίαν,
1461 4784 1581 4846 τοὺς
1620 4784 1751 4867 Δμὲν
1796 4785 1937 4841 ἀπο-

278 4862 614 4937 τικτομὲνους
669 4863 730 4920 ἐκ
777 4872 882 4920 τῶν
944 4866 1080 4922 κατὰ
1136 4865 1233 4934 τῆς
1295 4862 1487 4942 σαρκὸς
1548 4862 1939 4942 ἀνδριζομένων

283 4943 590 5024 παρεισάγει
677 4943 738 5001 ἐκ
822 4944 1126 5018 θελήματος
1202 4941 1480 5024 γεννᾶσθαι
1552 4941 1758 5024 ἀνδρὸς,
1819 4964 1941 5022 τορς

288 5021 360 5104 δὲ,
420 5021 486 5078 δι’
573 5025 851 5099 ἐπιθυμίαν
923 5027 1141 5104 σαρκὸς,
1212 5021 1272 5081 ἐκ
1346 5021 1655 5099 θελήματος
1721 5021 1939 5104 σαρκὸς,

280 5102 361 5160 καί
405 5125 559 5184 φησι,
631 5109 754 5170 τοὺς
826 5105 884 5161 ἐκ
951 5102 1082 5162 Θεοῦ
1147 5107 1284 5162 κατὰ
1327 5106 1487 5184 χάριν
1529 5109 1628 5172 τῆς
1685 5102 1941 5167 υἱοθεσίας

285 5182 648 5259 τικτομένους,
713 5184 791 5259 μὴ
849 5185 1137 5253 κεκτῆσθαι
1194 5182 1418 5252 «adtigi
1449 5184 1547 5251 τὴν
1603 5185 1742 5240 θείαν
1800 5185 1940 5242 ἀπό-

280 5261 411 5329 τεξιν
473 5269 708 5343 φυσικῶς
767 5263 930 5340 ὅλως,
995 5265 1106 5321 εἴτε
1185 5265 1529 5346 γεγέννηνται
1589 5262 1649 5319 ἐκ
1705 5267 1800 5320 τοῦ
1856 5262 1938 5321 διὰ

285 5341 650 5419 παιδοποιίαν,
719 5343 832 5401 εἴτε
889 5348 953 5402 ἐκ
994 5351 1093 5412 τῆς
1131 5341 1209 5401 δι’⁷
1247 5341 1523 5420 ἐπιθυμίαν
1554 5346 1772 5422 σαρκὸς,
1820 5345 1939 5408 τοὺς

286 5424 932 5506 φυσικῷςΑᾶποτεκόντας
991 5425 1202 5502 αὐτοὺς,
1259 5424 1514 5495 ἀλλήλοις
1552 5424 1939 5506 συνέρχεσθαι.

295 5502 317 5563 ὁ
351 5505 434 5567 Ex
464 5503 586 5586 illis
617 5503 778 5567 enim
799 5505 1053 5586 emhryo
1087 5507 1519 5568 nutrimentum
1551 5502 1751 5566 habet.

367 5587 456 5662 (α)
483 5585 636 5662 Log.
666 5589 765 5654 τῆς
798 5584 1042 5654 ηψπ.

365 5661 456 5744 (ὁ)
475 5661 708 5747 In_cod.
749 5663 926 5747 Rom.
960 5672 1019 5727 et
1039 5664 1183 5747 edit.
1210 5663 1343 5727 Lut.
1365 5662 1581 5747 desunt
1606 5663 1680 5726 ab
1703 5667 1936 5747 νοήσεις,

296 5743 482 5826 usque
500 5743 582 5826 ad
596 5751 760 5801 ταῦτα
782 5745 836 5801 ὁὶ
858 5746 1053 5807 πάντα.
1078 5745 1318 5826 Lacuna
1339 5743 1611 5826 suppleta
1614 5751 1804 5826 estex
1832 5743 1938 5808 co;

289 5821 417 5886 dice
451 5823 782 5886 Parisiensi
813 5826 972 5906 apud
1025 5825 1358 5887 Simonium
1388 5821 1546 5886 tome
1585 5821 1667 5890 III
1695 5823 1941 5891 Crittcae

2017 4297 2139 4375 tur,
2170 4298 2496 4359 naturalem
2529 4301 2971 4379 generationem
3002 4297 3317 4379 habentem
3345 4303 3662 4379 sanguini—

2017 4380 2147 4443 bus.
2177 4386 2471 4460 Attamen,
2506 4397 2738 4460 cumpx
2773 4377 2914 4460 viris
2944 4377 3325 4460 feminisque,
3362 4377 3478 4460 qui
3502 4380 3655 4441 invi-

2015 4478 2147 4523 cem
2178 4459 2552 4539 copulantur,
2585 4458 2686 4518 alii
2709 4457 2947 4538 quidem
3001 4457 3256 4539 viriliter
3283 4478 3347 4520 se
3375 4457 3661 4524 habentes

2017 4554 2224 4602 contra
2256 4538 2841 4618 concupiscentiam
2878 4538 3232 4618 copulantur
3275 4540 3661 4603 nihilominus

2021 4622 2091 4682 ad
2128 4620 2352 4710 prolem
2387 4617 2720 4710 habendam
2747 4639 2762 4695 ;
2794 4617 2892 4680 alii
2926 4617 2982 4680 in
3029 4621 3263 4710 prolem
3300 4620 3496 4682 minus
3519 4641 3660 4710 pro-

2026 4699 2217 4782 pensi,
2253 4709 2498 4781 propter
2557 4699 2742 4782 ipsam
2791 4699 3335 4782 concupiscentiam
3379 4699 3664 4782 copulan-

2028 4779 2124 4842 tur
2157 4803 2169 4843 :
2204 4779 2343 4842 hinc
2367 4779 2470 4841 eos
2501 4783 2598 4860 qui
2633 4781 2952 4860 gignuntur
2980 4779 3054 4841 ab
3084 4780 3154 4840 iis
3175 4779 3502 4860 quicontra
3531 4801 3667 4844 con-

2024 4861 2450 4941 cupiscentiam
2474 4859 2724 4922 viriliter
2748 4878 2813 4922 se
2843 4859 3085 4941 habent,
3116 4859 3372 4941 appellat
3402 4871 3568 4923 natos
3590 4881 3669 4926 επ

2025 4941 2340 5005 voluntate
2368 4941 2510 5022 uiri,
2564 4959 2665 5001 eos
2693 4958 2854 5014 vero,
2890 4941 2988 5022 qui
3019 4941 3518 5022 concupiscentia:
3546 4944 3663 5004 im-

2028 5023 2198 5103 pulsu
2227 5021 2515 5103 progeniti
2548 5029 2706 5103 sunt,
2731 5038 2808 5082 ea:
2836 5021 3147 5103 uoluntate
3174 5021 3396 5086 carnis.
3432 5024 3667 5086 Subdit-

2027 5100 2171 5193 que,
2203 5100 2304 5193 eos
2328 5102 2426 5193 qui
2458 5120 2525 5161 ex
2577 5100 2700 5193 Deo
2728 5101 2851 5193 nati
2890 5109 3027 5193 sunt
3067 5119 3174 5193 per
3199 5104 3444 5193 gratiam
3478 5105 3664 5193 adop-

2030 5181 2209 5243 tionis
2239 5182 2296 5242 in
2327 5181 2501 5260 ﬁlios,
2534 5181 2696 5241 nullo
2743 5182 2994 5241 naturali
3028 5181 3204 5243 modo
3236 5184 3494 5245 divinam
3518 5181 3667 5246 hanc

2023 5261 2342 5324 nativitatis
2437 5261 2729 5322 rationem
2839 5271 3193 5324 consecutos
3266 5282 3458 5340 esse;
3546 5266 3670 5326 sive

2027 5343 2207 5424 prolis
2238 5340 2631 5426 desiderium,
2663 5342 3005 5426 sivecarnis
3054 5343 3540 5426 concupiscentia
3570 5347 3666 5426 ip-

2027 5421 2227 5484 Lsorum
2261 5429 2535 5502 parentes
2562 5421 2635 5482 ad
2669 5421 3154 5500 conjunctionem
3210 5421 3532 5505 impulerit.
3561 5421 3666 5490 Di-

2028 5512 2170 5564 cunt
2196 5510 2417 5572 autem.
2451 5522 2480 5562 ›
2519 5510 2634 5563 etc.

2023 5585 2092 5645 in
2123 5585 2198 5644 Ν.
2237 5581 2328 5653 Τ.,
2364 5599 2495 5674 cap.
2529 5583 2631 5674 98,
2675 5600 2813 5724 tiag.
2868 5580 3006 5644 401.
3043 5580 3162 5648 Sed
3191 5583 3316 5677 haec
3349 5585 3522 5680 verba
3552 5587 3663 5679 de-

2024 5663 2372 5724 siderantur
2390 5681 2454 5724 ιιι
2495 5665 2689 5724 codici
2737 5680 2806 5724 us
2834 5659 3073 5724 Veneta
3104 5666 3412 5724 Marciane
3450 5665 3663 5724 bibim-

2024 5659 2455 5727 sideranturiii
2495 5659 2806 5724 codicibus
2834 5659 3073 5724 Venetae
3104 5663 3412 5726 Marciane
3450 5665 3665 5730 biblio-

2025 5743 2214 5806 thecae
2249 5742 2350 5825 26,
2375 5740 2474 5819 30,
2504 5745 2602 5817 3t,
2637 5741 2737 5806 32.
