4116 6318
272 362 423 435 1157

996 364 1438 438 ENARRATIO
1480 368 1561 439 IN
1606 358 2113 438 EVANGELIUM
2174 354 2520 436 JOANNIS.
2570 406 2647 416 —
2690 371 2853 435 CAP.
2905 360 2952 433 Ῑ.

3508 349 3660 428 1138

274 521 299 555 α
341 502 435 558 Καὶ
491 501 684 576 ὄψεται
742 507 888 558 πᾶσα
932 498 1054 579 σὰρξ
1102 502 1165 558 τὸ
1210 503 1483 580 Σωτήριον
1544 512 1636 562 τοῦ
1681 511 1810 561 Θεοῦ
1844 521 1859 538 ⁸
1901 529 1928 559 »

2024 514 2103 565 est
2134 507 2331 567 omnis
2365 505 2718 580 homo,dicit
2752 514 2997 586 partem,
3025 508 3280 567 animam
3312 505 3537 567 scilicet
3594 508 3662 567 Et

270 590 446 647 πάντα
504 591 605 669 γὰρ
664 590 937 667 ἄνθρωπον
979 590 1190 667 μέλλων
1252 594 1445 665 εἰπεῖν,
1499 598 1577 666 τῷ
1632 598 1734 659 τῆς
1791 618 1925 674 σαρ-

2024 596 2226 653 iterum
2258 614 2287 655 a
2316 613 2498 655 carne
2546 596 2813 656 nominat
2863 603 3075 667 totum,
3134 604 3191 655 ut
3224 595 3459 675 quando
3492 596 3658 667 dicit,

271 680 366 743 κὸς
427 679 647 754 ὀνόματι
706 682 1141 760 προσεχρήσατο.
1191 680 1381 762 ,Οὕτως
1426 691 1513 740 οὖν
1556 685 1706 739 καὶὸ
1763 687 1912 762 εὐαγ-

272 767 552 847 γελιστὴς,
611 769 728 825 ἀντὶ
774 777 864 852 τοῦ
901 772 1072 826 εἰπεῖν
1107 785 1119 799 ⁸
1166 761 1243 849 {(0
1301 771 1469 847 Λόγος
1502 770 1776 850 ἄνθρωπος
1807 761 1928 852 ἐγέ-

275 878 419 933 νετο,
479 858 658 939 εἶπεν,
726 883 753 913 ι
815 850 873 916 Ὀ
933 861 1101 937 Λόγος
1169 857 1294 938 σὰρξ
1336 859 1566 937 ἐγένετο,
1607 884 1629 917 ι
1680 861 1785 918 άπὸ
1838 850 1931 919 τοῦ

276 946 467 1026 μέρους
513 947 603 1003 τὸν
663 946 935 1027 ἄνθρωπον
993 948 1289 1023 ὀνομάζων,
1344 950 1433 1005 τὸν
1492 947 1552 1005 ἐκ
1608 954 1793 1029 ψυχῆς
1845 952 1931 1006 καὶ

276 1035 525 1111 σώματος
586 1039 952 1116 συγκείμενον.
1013 1037 1170 1117 Τάχα
1227 1035 1279 1092 δὲ
1328 1037 1441 1094 ἐπεὶ
1502 1041 1537 1107 ἡ
1594 1038 1717 1118 σὰρξ
1762 1038 1929 1096 ἀλλό-

275 1124 421 1203 τριόν
453 1124 565 1181 ἐστι
608 1131 709 1194 τῆς
774 1126 914 1189 θείας
964 1126 1192 1206 φύσεως,
1245 1125 1411 1183 θέλων
1468 1129 1495 1183 ὁ
1550 1127 1930 1207 εὐαγγελιστὴς

275 1211 513 1279 δηλῶσαι
569 1215 666 1283 τὴν
751 1217 1096 1295 ὺπεράπειρον
1168 1214 1559 1293 συγκατάϐασιν
1616 1224 1708 1274 τοῦ
1775 1224 1928 1291 Θεοῦ,

273 1305 373 1373 τῆς
428 1308 621 1385 σαρκὸς
678 1306 939 1382 ἐμνήσθη,

1022 1304 1097 1361 ἵν’
1154 1305 1507 1383 ἐκπλαγῶμεν
1562 1308 1660 1375 τὴν
1731 1306 1932 1386 ἄφατον

280 1392 671 1474 φιλανθρωπίαν
718 1395 898 1470 αὐτοῦ,
958 1395 1065 1467 ὅτι,
1140 1393 1225 1451 διὰ
1279 1397 1376 1463 τὴν
1436 1398 1699 1475 σωτηρίαν
1756 1399 1959 1471 ἡμῶν,.

276 1486 343 1539 τὸ
400 1481 676 1558 ἀλλότριον
731 1489 829 1551 τῆς
861 1486 1064 1563 φύσεως
1115 1486 1272 1543 αὐτοῦ
1320 1486 1407 1541 καὶ
1436 1483 1576 1551 ξένον
1607 1486 1934 1555 παντάπασι,

278 1574 419 1653 φημὶ
476 1571 541 1640 δη
585 1574 684 1641 τὴν
729 1574 918 1651 σάρκα,
966 1571 1313 1651 προσέλαϐεν,
1352 1566 1412 1631 Ἠ
1473 1575 1570 1649 μὲν
1629 1577 1728 1653 γὰρ
1786 1574 1939 1654 ψυχὴ

280 1662 397 1742 ἔχει
447 1663 564 1719 τινὰ
624 1662 930 1742 συγγένειαν
987 1665 1119 1743 πρὸς
1180 1666 1309 1720 Θεόν
1345 1684 1359 1698 ⁸
1410 1666 1445 1732 ἡ
1490 1663 1544 1719 δὲ
1577 1664 1701 1743 σὰρξ
1732 1661 1937 1721 παντά-

278 1773 442 1808 πασιν
498 1752 880 1818 ἀκοινώνητος.
932 1753 1030 1807 Διὰ
1071 1759 1225 1809 τοῦτο
1282 1754 1370 1807 οὑν
1426 1752 1583 1828 οἶμαι
1637 1754 1728 1808 τὶν
1777 1752 1939 1829 εὐαγ-

280 1841 532 1920 γελιστῆν
564 1842 781 1900 ἐνταῦθα
833 1843 980 1918 μόνῳ
1026 1850 1104 1917 τῷ
1146 1848 1243 1910 τῆς
1289 1845 1480 1922 σαρκὸς
1515 1843 1731 1919 ὀνόματι
1792 1844 1940 1922 χρή-

283 1935 502 2011 σασθαι,
563 1931 667 2011 οὔχ
723 1933 794 1997 ὡς
865 1932 1213 2007 ἀμοιριιῦντος
1276 1934 1460 2012 ψυχῆς
1514 1941 1604 1991 τοῦ
1653 1930 1938 2011 προσλήμ-

282 2042 476 2097 ματος,
554 2020 691 2077 ma
749 2022 879 2100 πρὸς
966 2019 1177 2086 ἔνδειξιν
1246 2020 1414 2077 πλείω
1477 2024 1569 2078 τοῦ
1638 2023 1940 2096 θαυμαστοῦ

281 2112 371 2167 καὶ
427 2107 716 2190 φρικωδους
776 2112 1084 2187 μυστηρίου,
1147 2110 1295 2169 Ἐπεὶ
1321 2113 1412 2169 εὰν
1472 2112 1530 2167 οὗ
1582 2108 1940 2188 προσελάϐετο

284 2200 473 2279 ψυχὴν
515 2200 846 2278 ἀνθρωπίνην
906 2203 932 2257 ὂ
990 2201 1160 2279 Λόγος
1232 2201 1538 2278 σαρκωθεὶς,
1598 2200 1937 2277 ἀθεράπευτοι

281 2289 362 2345 ἔτι
424 2290 550 2345 εἰσὶν
601 2292 653 2345 αἱ
712 2291 883 2369 ψυχαὶ
939 2291 1096 2365 ἡμῶν
1130 2306 1144 2320 ⁸
1205 2291 1232 2345 ὃ
1294 2290 1393 2368 γὰρ
1453 2290 1510 2345 οὔ
1558 2286 1936 2364 προσελάϐετο,

286 2377 402 2434 οὐδὲ
454 2379 664 2457 ἡγίασε,
716 2382 815 2437 Καὶ
884 2381 960 2443 τίς
1006 2382 1033 2435 ὁ
1078 2378 1273 2457 γέλως,
1312 2384 1410 2445 της
1472 2383 1661 2458 ψυχῆς
1722 2381 1939 2456 πρώτης

286 2468 555 2534 παθούσης
618 2465 817 2541 (εκείνη
878 2469 977 2546 γὰρ
1025 2470 1059 2537 ἡ
1113 2466 1329 2525 ἐνδοῦσα
1358 2481 1475 2531 τοῖς
1508 2475 1599 2524 τοῦ
1628 2467 1796 2547 ὀίρεως
1840 2465 1938 2522 λό-

288 2578 402 2635 γοις
432 2558 519 2613 καὶ
572 2555 912 2624 ἀπατηθεϊσα
955 2558 1009 2613 ἐν
1054 2555 1370 2635 παραδείσῳ,
1418 2560 1537 2612 εἶτα
1595 2559 1678 2613 καὶ
1726 2558 1760 2624 ἡ
1824 2558 1941 2635 χεὶρ

286 2645 464 2721 ἥψατο
538 2646 1009 2717 ἐπακολουθήσασα
1089 2653 1158 2724 τῇ
1208 2648 1357 2726 κυρίᾳ
1412 2649 1499 2702 καὶ
1554 2645 1803 2723 δεσποίνῃ
1869 2653 1939 2722 τῇ

290 2740 488 2817 ψυχῇ),
550 2737 649 2803 τὴν
708 2737 806 2811 μὲν
848 2739 1189 2816 θεράπαιναν,
1256 2738 1355 2805 τὴν
1412 2737 1603 2816 σάρκα,
1648 2737 1735 2792 καὶ
1777 2758 1942 2814 προσ-

288 2824 579 2910 ληφθῆναι,
666 2828 753 2882 καὶ
835 2826 1171 2907 άγιασθῆναι,
1227 2827 1314 2883 καὶ
1380 2829 1781 2904 θεραπευθῆναι,
1842 2833 1941 2892 τὴν

289 2914 343 2971 δὲ
402 2924 581 2993 κυρίαν
633 2914 849 2983 ἰαθῆναι
894 2914 1273 2995 ἀπρόσληπτόν
1325 2937 1380 2971 τε
1411 2918 1496 2973 καὶ
1539 2915 1937 2994 ἀθεράπευτον;

291 3003 438 3061 Ἀλλ’
515 3003 883 3084 ’Λπολινάριος
964 3006 1061 3080 μὲν
1146 3004 1358 3083 ἐρῥέτω.
1443 2995 1633 3080 Ἠμετς
1691 3002 1745 3059 δὲ
1816 3001 1940 3059 ὅταν

290 3094 588 3169 ἀκούωμεν,
635 3094 715 3152 ὅτι
766 3116 790 3150 ι
831 3087 888 3153 Ὀ
931 3096 1101 3174 Λόγος
1161 3092 1284 3169 σὰρξ
1338 3095 1569 3174 ἐγένετο,
1608 3116 1632 3151 υ
1688 3093 1941 3150 πιστεύο-

292 3204 392 3259 μεν
448 3181 528 3240 ὅτι
573 3182 843 3263 ἅνθρωπος
904 3184 1127 3260 τέλειος,
1189 3186 1286 3252 τῆς
1335 3187 1547 3263 Γραφῆς
1590 3183 1823 3245 εἰωθυίας
1854 3181 1941 3237 καὶ

291 3273 461 3352 σάρκα
516 3282 603 3330 καί
658 3275 844 3354 ψυχὴν
890 3281 1200 3353 μονομερῶς
1258 3275 1349 3331 τὸν
1397 3274 1639 3330 σύνθετον
1670 3271 1941 3351 ἄνθρωπον

291 3362 594 3437 ὀνομάζειν.
648 3362 1023 3443 Ἀνατρέπεται
1074 3362 1129 3420 δὲ
1178 3363 1241 3420 ἐκ
1283 3365 1468 3421 τούτου
1514 3369 1607 3419 τοῦ
1654 3364 1815 3440 ῥητοῦ
1857 3360 1945 3416 καὶ

294 3450 599 3531 Νεστόριος.
658 3451 901 3519 Ἐκεῖνος
944 3455 1045 3533 γὰρ
1087 3452 1292 3532 ἔλεγεν,
1344 3451 1424 3508 ὅτι
1469 3455 1571 3531 οὐχ
1600 3454 1628 3508 ὁ
1673 3451 1802 3513 Θεὸς
1833 3450 1944 3505 Λό-

291 3562 385 3619 γος
445 3542 599 3605 αὐτὸς
647 3541 853 3606 ἰκετνος
910 3542 1122 3612 Ἐγένετο
1167 3541 1464 3621 ἄνθρωπος,
1527 3538 1840 3619 συλληφθεὶς
1886 3538 1946 3594 ἐκ

292 3636 399 3688 τῶν
470 3628 751 3710 πανάγνων
820 3633 1056 3709 αἱμάτων
1128 3638 1227 3700 τῆς
1286 3633 1439 3709 ἁγίας
1484 3629 1766 3710 Παρθένου,
1827 3626 1947 3684 ἀλλ’

294 3719 472 3779 ἔτεκεν
522 3723 557 3790 ἡ
617 3722 875 3802 Παρθένος
932 3720 1203 3801 ἄνθρωπον
1235 3740 1253 3757 ο
1313 3721 1467 3783 οὗτος
1526 3717 1580 3775 δὲ
1656 3722 1684 3775 ὁ
1740 3717 1943 3788 ἅνθρω-

291 3832 416 3890 πος,
472 3813 785 3891 χαριτωθεὶς
829 3812 1019 3892 ἀρετῆς
1076 3812 1257 3879 πάσης
1334 3808 1466 3867 εἴδει
1519 3808 1649 3889 ἔσχε
1704 3810 1797 3865 τὸν
1856 3808 1948 3864 τοῦ

292 3903 425 3957 Θεοῦ
468 3902 640 3979 Λόγον
695 3900 1032 3977 συνημμένον
1086 3901 1229 3974 αὐτῷ
1299 3902 1384 3958 καὶ
1442 3898 1673 3965 ἐξουσίαν
1740 3896 1944 3953 διδόντα

292 3991 429 4046 κατὰ
481 3992 797 4068 πνευμάτων
856 3991 1163 4070 ἀκαθάρτων
1199 4010 1214 4026 ο
1273 3992 1361 4047 καὶ
1429 3989 1490 4048 ἐκ
1549 3989 1739 4047 τούτου
1789 3985 1943 4065 ἐδογ-

296 4080 480 4155 μάτιζε
540 4078 628 4138 δύο
669 4082 832 4162 υἱοὺς,
891 4080 982 4138 ἕνα
1039 4083 1129 4137 τὸν
1192 4086 1291 4147 τῆς
1340 4078 1624 4159 Παρθένου,
1682 4079 1771 4135 τὸν
1828 4076 1945 4143 Ἰη-

295 4178 421 4229 σοῦν
474 4170 566 4226 τὸν
617 4166 915 4249 ἄνθρωπον,
972 4172 1060 4226 καὶ
1120 4170 1295 4249 ἕτερον
1337 4171 1427 4225 τὸν
1481 4169 1599 4224 Υἱὸν
1658 4172 1750 4223 τοῦ
1790 4172 1943 4244 Θεοῦ,

297 4258 635 4335 συνημμένον
720 4258 815 4335 μὲν
900 4266 975 4334 τῷ
1060 4258 1339 4336 ἀνθρώπῳ,
1418 4258 1505 4314 καὶ
1594 4252 1948 4315 ἀδιάσπαστον

296 4348 439 4423 αὒτῷ
480 4348 627 4423 ὄντα,
686 4347 823 4406 ἀλλὰ
873 4349 1005 4407 κατὰ
1065 4349 1222 4429 χάριν
1251 4350 1340 4404 καὶ
1368 4347 1559 4427 σχέσιν
1588 4346 1676 4402 καὶ
1706 4344 1946 4423 ἀγάπην,

295 4437 391 4494 οἷα
447 4436 512 4505 δὴ
569 4437 813 4518 ἐναρέτου
869 4439 1021 4506 ὄντος
1077 4446 1169 4497 τοῦ
1222 4437 1516 4518 ἀνθρώπου.
1580 4441 1753 4493 Ταῦτα
1800 4433 1945 4489 έκεϊο

296 4549 383 4590 νος
428 4526 772 4607 έθελοκωφῶν
824 4530 953 4609 πρὸς
1014 4528 1113 4596 τὴν
1171 4527 1446 4599 ἀλήθειαν.
1506 4527 1566 4582 Εἰ
1622 4524 1721 4604 γὰρ
1778 4520 1946 4590 ἠϐού-

294 4615 443 4696 λετο,
500 4615 726 4683 ἤκουσεν
785 4616 846 4673 ἂν
904 4620 992 4674 καὶ
1050 4618 1204 4682 αὐτὸς
1260 4623 1351 4675 τοῦ
1428 4616 1684 4694 μακαρίου
1762 4612 1945 4669 τούτου

2020 705 2039 738 α
2056 682 2129 745 Et
2147 684 2369 745 videbit
2388 684 2582 745 omnis
2596 704 2730 746 caro
2752 683 3018 747 Salutare
3038 684 3659 749 DemaDicereenim

2013 772 2218 833 volens
2249 793 2487 833 omnem
2525 774 2854 846 hominem,
2876 774 3073 835 carnis
3104 773 3347 834 nomine
3376 792 3519 835 usus
3549 783 3659 835 est.

2015 859 2111 922 Sic
2144 870 2201 922 et
2233 864 2589 940 evangelista
2628 883 2731 944 pro
2780 881 2849 923 eo
2877 864 3029 943 quod
3065 871 3173 934 est,
3208 862 3464 924 Verbum
3487 864 3666 924 homo

2013 950 2226 1010 factum
2263 961 2350 1011 est
2386 969 2399 1012 :
2434 950 2600 1025 dixit,
2644 976 2665 1007 ιι
2724 950 2985 1013 Verbum
3045 969 3181 1012 caro
3212 952 3432 1013 factum
3465 962 3593 1013 est:
3635 977 3657 1009 1

2014 1057 2047 1099 a
2082 1048 2244 1119 parte
2291 1047 2475 1100 totum
2532 1040 2837 1101 hominem
2892 1039 3229 1119 nominans,
3263 1059 3333 1101 ex
3380 1040 3576 1101 anima
3608 1050 3666 1102 et

2016 1147 2267 1207 corpore
2313 1129 2721 1188 constitutum.
2752 1128 3041 1191 Fortassis
3071 1140 3266 1191 autem
3299 1129 3436 1209 quia
3466 1148 3603 1191 caro
3633 1150 3667 1191 a

2015 1216 2208 1277 divina
2225 1227 2431 1277 natura
2446 1216 2697 1277 alienior
2722 1227 2805 1277 est
2820 1217 3043 1291 ,volens
3064 1219 3414 1296 evangelista
3437 1219 3667 1297 signiti-

2022 1305 2530 1369 careimmensam
2556 1304 2658 1366 Dei
2702 1304 3198 1381 misericordiam,
3230 1306 3431 1369 ‘carnis
3454 1310 3668 1369 memi-

2025 1395 2131 1466 nit,
2169 1403 2231 1454 ut
2274 1394 2636 1456 ineffabilem
2678 1396 2807 1474 ejus
2846 1394 3265 1473 benignitatem
3286 1395 3669 1477 Obstupesca-

2025 1483 2340 1564 mus,quod
2366 1492 2607 1564 propter
2627 1493 2887 1548 nostram
2904 1486 3175 1554 salutem,
3197 1486 3455 1547 alienum
3477 1505 3510 1547 a
3530 1487 3672 1546 5m

2025 1581 2232 1634 natura
2260 1582 2453 1645 sua,et
2483 1572 2759 1633 omnibus
2788 1573 2980 1634 modis
3013 1576 3668 1653 peregrinum,carnem

2024 1662 2824 1742 dico,assumpserit.Anima
2848 1663 3005 1724 enim
3033 1664 3437 1743 cognationem
3456 1685 3667 1746 quam-

2024 1752 2159 1813 dam
2196 1751 2375 1813 habet
2405 1771 2538 1813 cum
2572 1751 2716 1832 Deo,
2742 1770 2880 1813 caro
2902 1762 3098 1813 autem
3123 1753 3280 1814 nullo
3308 1754 3483 1815 modo
3502 1774 3669 1815 com-

2026 1841 2307 1902 municat:
2335 1849 2392 1901 et
2417 1841 2637 1903 idcirco
2653 1842 2863 1921 opinor
2886 1842 3300 1920 evangelistam
3325 1846 3449 1905 solo
3472 1844 3669 1905 carnis

1966 1950 2001 1997 Β
2027 1931 2266 1992 nomine
2303 1950 2497 2010 usum,
2528 1950 2646 1991 non
2674 1932 2828 2010 qued
2853 1931 3047 1992 anima
3068 1949 3317 2012 exspers
3336 1933 3414 1994 sit
3433 1952 3667 1994 assum-

1984 3265 2001 3283 Δ

1988 4648 1999 4663 \

2022 2020 2369 2101 ptionis,sed
2390 2021 2459 2080 ad
2488 2023 2769 2095 majorem
2795 2020 3195 2081 ostensionem
3213 2018 3665 2085 mirandietstu-

2021 2108 2199 2188 pendi
2214 2107 2742 2171 saeramenti.Nam
2757 2109 2805 2168 si
2826 2128 2941 2169 non
2959 2110 3381 2189 assumpsisset
3401 2110 3657 2173 animam

2021 2198 2334 2258 humanam
2372 2196 2624 2258 Verbum
2659 2199 3046 2265 incarnatum,
3085 2198 3447 2262 incurabiles
3468 2201 3661 2262 adhuc

2024 2294 2222 2348 essent
2251 2287 2463 2347 animae
2522 2298 2764 2349 nostrae.
2800 2285 2943 2348 Nam
2976 2286 3131 2367 quod
3165 2306 3282 2348 non
3320 2292 3660 2369 assumpsit,

2025 2395 2141 2437 non
2180 2376 2418 2436 sanavit.
2448 2375 2517 2436 Et
2545 2395 2720 2456 quam
2752 2375 3090 2443 ridiculum.
3122 2395 3257 2437 cum
3285 2378 3483 2439 anima
3507 2379 3667 2458 prior

2024 2465 2322 2544 aegroturit
2352 2484 2366 2541 ;
2401 2465 2560 2525 illam
2595 2467 2778 2540 enim,
2806 2483 2938 2526 cum
2990 2465 3265 2528 crederet
3292 2467 3668 2549 sermonibus

2025 2554 2845 2635 serpentis,decipereturque
2873 2554 2933 2615 in
2957 2554 3246 2635 paradiso,
3275 2566 3336 2616 ut
3365 2557 3665 2618 dominam

2026 2653 2082 2706 et
2102 2645 2363 2723 reginam
2392 2654 2589 2705 secuta
2617 2652 2703 2705 est
2725 2662 2955 2717 manus,
2993 2653 3049 2705 et
3069 2643 3320 2707 fructum
3344 2646 3569 2727 attigit;
3618 2648 3667 2707 si

2023 2734 2461 2814 relinqueretur
2516 2732 2778 2809 domina,
2816 2743 2873 2794 et
2930 2752 3045 2795 non
3078 2744 3502 2810 assumeretur,
3559 2756 3668 2797 nec

2024 2831 2353 2897 curaretur,
2414 2831 2819 2883 assumeretur
2850 2831 3043 2883 autem
3092 2833 3151 2885 et
3200 2826 3670 2888 sanctiﬁcaretur

2024 2919 2083 2974 et
2106 2921 2415 2974 curaretur
2434 2928 2572 2974 caro
2590 2918 2618 2974 ?
2651 2910 2868 2972 Verum
2899 2912 3305 2991 Apollinarius
3330 2914 3533 2987 valeat,
3559 2934 3666 2975 nos

2022 3009 2215 3063 autem
2250 3001 2485 3081 quando
2508 3000 2783 3061 audimus
2812 3002 2967 3081 quod
2996 3000 3258 3063 Verbum
3300 3021 3434 3064 caro
3452 3004 3664 3065 factum

2022 3091 2118 3165 sit,
2154 3091 2454 3151 credimus
2484 3089 2639 3169 quod
2665 3097 2819 3150 totus
2852 3090 3028 3151 homo
3052 3093 3238 3151 lactus
3265 3111 3277 3153 :
3300 3092 3667 3173 quandoqui-

2026 3180 2160 3241 dem
2181 3182 2499 3259 Scriptura:
2525 3197 2650 3240 mos
2672 3188 2759 3239 est
2779 3187 2836 3239 et
2856 3197 3118 3255 carnem,
3157 3180 3509 3255 etanimam,
3544 3190 3606 3243 ut
3634 3201 3670 3244 a

2029 3277 2399 3348 parte,totum
2417 3269 2717 3329 hominem
2736 3266 3666 3332 nominare.Convinciturautem

2028 3366 2086 3418 et
2108 3356 2418 3418 Nestorins
2444 3376 2512 3418 ex
2554 3357 2665 3417 hoc
2695 3357 2873 3419 dicto.
2907 3355 3153 3418 Dicebat
3183 3357 3343 3420 enim
3376 3358 3476 3420 ille
3508 3360 3667 3440 quod

2028 3466 2146 3508 non
2180 3447 2338 3508 Deus
2368 3445 2628 3508 Verbum
2661 3446 2836 3508 fuerit
2883 3446 2981 3507 ille
3013 3448 3189 3508 homo
3240 3456 3563 3528 conceptus
3592 3466 3668 3512 ex

2028 3536 2416 3598 sanctissimis
2437 3535 2824 3616 sanguinibus
2840 3545 3058 3598 sanctae
3074 3536 3466 3618 Virginis,sed
3492 3557 3669 3619 pepe-

2028 3628 2171 3687 rerit
2193 3626 2431 3707 quidem
2455 3624 2635 3702 Virgo
2661 3626 3107 3699 hominem,iste
3125 3636 3319 3687 autem
3344 3627 3520 3688 homo
3539 3646 3668 3706 gra-

2025 3717 2163 3777 tiam
2197 3724 2504 3777 assecutus
2534 3714 2594 3775 in
2618 3714 2779 3775 omni
2811 3714 3087 3775 virtutum
3120 3733 3360 3795 genere,
3395 3715 3667 3778 habuerit

2026 3803 2285 3866 Verbum
2321 3805 2424 3865 Dei
2457 3804 2571 3865 sibi
2601 3804 3020 3883 coadunatum,
3046 3804 3201 3885 quod
3236 3814 3581 3885 potestatem
3614 3806 3671 3867 ei

2028 3895 2497 3956 dederatcontra
2515 3893 2859 3955 immundos
2874 3894 3116 3973 spiritus
3143 3915 3155 3956 :
3190 3902 3365 3974 atque
3395 3894 3476 3956 ita
3501 3895 3668 3957 dice-

2031 3983 2128 4045 bat
2153 3986 2301 4045 duos
2328 3983 2500 4062 ﬁlios,
2523 4002 2708 4044 unum
2733 3981 2994 4062 Virginis
3012 3986 3213 4045 Jesum
3252 3985 3579 4065 hominem,
3615 3994 3674 4047 et

2029 4073 2208 4135 alium
2241 4072 2454 4133 Filium
2486 4071 2615 4145 Dei,
2640 4072 2739 4152 qui
2762 4071 3052 4134 adunatus
3074 4072 3312 4152 quidem
3346 4073 3528 4135 fuerit
3555 4075 3670 4135 ho-

2032 4161 2179 4222 mini
2210 4160 2825 4241 inseparabiliter,sed
2844 4178 2950 4240 per
2970 4160 3237 4223 habitum
3264 4170 3322 4222 et
3349 4163 3589 4241 gratiam
3614 4173 3673 4224 et

2030 4251 2399 4330 charitatem,
2431 4248 2930 4329 quemadmodum
2961 4249 3136 4309 etiam
3182 4250 3494 4311 virtutibus
3514 4269 3669 4331 prae-

2030 4340 2177 4402 dito.
2233 4338 2366 4400 Haec
2424 4338 2660 4412 ille,sua
2707 4346 2920 4419 sponte
2969 4338 3040 4399 ad
3092 4338 3395 4400 veritatem
3430 4340 3668 4403 surdus.

2030 4427 2176 4490 Nam
2204 4428 2254 4490 si
2276 4426 2903 4504 voluisset,audivisset
2920 4428 3123 4507 utique
3156 4436 3213 4488 et
3234 4426 3469 4488 beatum
3486 4430 3670 4489 Joan-

2031 4537 2166 4580 nem
2192 4517 2609 4596 evangelistam
2633 4516 2955 4591 dicentem,
2972 4514 3264 4577 «Verbum
3298 4534 3434 4578 caro
3452 4517 3670 4579 factum

2030 4606 2401 4669 est.»Nonne
2425 4605 2736 4667 manifeste
2748 4605 2846 4667 hic
2868 4605 3267 4667 convincitur?
3292 4603 3491 4686 Ipsum
3513 4606 3671 4668 enim

295 4692 669 4785 εὐαγγελιστοῦ
718 4705 992 4786 λέγοντος,
1044 4707 1124 4763 ὅτι
1176 4726 1206 4765 (
1263 4697 1321 4764 Ὀ
1400 4692 1587 4782 Λόγος
1625 4700 1749 4781 σὰρξ
1820 4700 1940 4780 ἐγέ-

2031 4695 2291 4758 Verbum
2322 4696 2537 4786 factum
2572 4707 2657 4755 est
2691 4694 2884 4786 homo.
2918 4692 3045 4786 Non
3079 4693 3403 4786 dixitiquod
3434 4694 3674 4786 invento

295 4817 436 4857 νετο.
476 4818 504 4850 ι
554 4797 627 4853 Οὐ
667 4800 950 4876 προφανῶς
994 4797 1094 4876 γὰρ
1136 4796 1353 4853 ἐνταῦθα
1411 4792 1694 4873 ἐλέγχεται
1729 4814 1745 4867 ;
1780 4792 1945 4853 Αὐτὸς

296 4886 397 4964 γὰρ
454 4887 482 4941 δ
515 4886 685 4964 Λόγος
745 4883 1013 4966 ἅνθρωπος
1072 4884 1303 4965 έγένετο.
1354 4887 1463 4943 Οὔκ
1504 4884 1661 4940 εἶπεν
1697 4902 1712 4918 ⁸
1771 4882 1948 4960 Εὒρὼν

297 4974 571 5053 ἄνθρωπον
613 4977 641 5032 ὁ
699 4974 891 5054 Λόγος,
930 4976 1166 5055 συνήφθη
1224 4974 1389 5049 αὐτῷ,
1419 4970 1566 5052 ἀλλ’,
1600 4972 1765 5034 Αὐτὸς
1797 4970 1946 5027 ἐκεῖ·

296 5084 384 5129 νος
442 5061 713 5142 ἄνθρωπος
785 5063 1015 5143 ἐγένετο.
1093 5063 1471 5143 ’Λνατρέπεται
1527 5059 1581 5117 δὲ
1641 5061 1727 5117 καὶ
1779 5061 1945 5119 Εὔτυ-

297 5175 433 5233 χτις,
482 5154 569 5209 καὶ
649 5152 1021 5229 Οὖαλενττνος,
1079 5154 1166 5210 καὶ
1224 5152 1409 5219 Μάνης
1480 5153 1735 5209 ἱντεῦθεν.
1797 5150 1948 5207 Οὗτοι

295 5244 395 5322 γὰρ
448 5243 584 5300 κατὰ
640 5245 928 5324 φαντασίαν
987 5243 1168 5321 ἔλεγον
1217 5241 1441 5324 φανῆναι
1497 5242 1589 5298 τὸν
1639 5240 1810 5318 Λόγον
1857 5247 1952 5296 τοῦ

298 5338 453 5394 Θεοῦ.
510 5323 876 5390 Ἀκουέτωσαν
934 5333 1044 5409 οὖν,
1095 5333 1174 5389 δτι
1235 5355 1263 5387 α
1313 5323 1372 5389 ’0
1445 5330 1616 5409 Λόγος
1660 5325 1783 5407 σὰρξ
1826 5326 1948 5406 ἐγέ-

299 5444 438 5486 νετο.
479 5444 504 5479 ο
572 5424 679 5481 Οὐκ
736 5424 915 5505 εἶπεν,
974 5422 1054 5479 ὅτι
1114 5420 1251 5502 Σὰρξ
1320 5421 1641 5501 ἰφαντάσθη,
1686 5417 1723 5485 ἢ
1754 5413 1944 5490 ἔδοξεν,

296 5511 447 5592 ἀλλ’,
506 5510 586 5568 ὅτι
645 5510 891 5592 Ἐγένετο
946 5512 1192 5592 ἀληθείᾳ,
1251 5513 1337 5569 καὶ
1390 5511 1561 5590 οὐσίᾳ,
1607 5508 1694 5565 καὶ
1724 5508 1785 5565 οὐ
1812 5528 1950 5587 φαν-

371 5672 442 5726 ω
467 5675 625 5743 Pal.
649 5685 851 5753 mn,
881 5670 984 5737 21.

2030 4786 2275 4847 homine
2307 4784 2625 4847 virtutibus
2658 4783 2928 4863 praedito,
2964 4783 3047 4844 illi
3080 4802 3144 4845 se
3174 4784 3534 4863 adjunxerit,
3565 4785 3671 4846 sed

2029 4875 2247 4936 factum
2275 4883 2365 4937 est
2393 4872 2494 4935 ille
2522 4875 2649 4954 ipse
2695 4874 2897 4935 homo.
2930 4872 3319 4935 Confutantur
3342 4873 3590 4953 insuper
3618 4882 3676 4936 et

2031 4961 2325 5043 Eutyches
2378 4971 2437 5025 et
2488 4960 2842 5023 Valentinus
2902 4970 2960 5023 et
2992 4962 3345 5023 Manicbwus
3374 4962 3485 5023 hoc
3516 4963 3669 5025 loco.

2031 5052 2121 5113 Illi
2148 5052 2309 5114 enim
2335 5052 2611 5113 dixerunt
2632 5052 2788 5131 quod
2821 5052 3160 5132 apparuerit
3190 5052 3366 5112 homo
3390 5051 3557 5131 juxta
3576 5070 3675 5134 ap-

2034 5141 2387 5223 parentiam.
2422 5139 2678 5203 Audiant
2707 5139 2909 5220 igitur,
2953 5162 2975 5196 ι
3007 5138 3269 5202 Verbum
3295 5158 3430 5201 caro
3461 5141 3673 5202 factum

2033 5240 2144 5294 est.
2180 5256 2203 5290 ι
2242 5232 2375 5294 Non
2416 5229 2561 5292 dicit
2599 5230 2756 5311 quod
2788 5237 3142 5310 apparenter
3171 5228 3349 5291 fuerit
3374 5247 3535 5304 caro,
3570 5231 3675 5292 sed

2030 5320 2189 5400 quod
2219 5319 2399 5381 fuerit
2422 5319 2637 5381 veritas
2660 5317 3082 5395 etsubstantia,
3119 5326 3178 5380 et
3200 5337 3318 5379 non
3350 5319 3673 5399 phantasia.

2030 5408 2369 5472 Absurdum
2389 5408 2548 5471 enim
2572 5421 2631 5471 et
2646 5409 2889 5471 stultum
2912 5415 3068 5470 esset
3097 5406 3343 5469 credere
3364 5407 3521 5489 quod
3541 5427 3675 5469 cum

2035 5499 2222 5564 Filius
2246 5497 2356 5562 Dei
2384 5499 2602 5561 veritas
2617 5500 2692 5561 sit
2723 5496 3373 5578 etdicatur,mentiatur
3396 5499 3675 5561 incarna-
