4140 6280
544 374 695 454 1163

1500 382 2095 449 THEOPHYLACTI
2142 386 2551 450 BULGARIE
2594 386 2945 452 ARCHIEP.

3818 388 4002 452 1164

536 523 711 585 nibus
738 522 1020 602 dignis,et
1040 522 1288 583 efﬂuens
1317 522 1527 600 plenus
1551 528 1844 591 manet,ac
1866 538 2158 601 nunquam

2254 525 2622 604 προφητείας,
2678 522 2983 605 ὕπερϐλῦζει
3044 526 3208 593 αὐτὴν
3264 534 3391 584 πᾶσι
3434 542 3556 593 τοῖς
3601 528 3836 601 ἀξίοις,
3899 520 3993 584 καῖ

534 611 1168 676 exhauritur.Gratiam
1191 618 1389 673 autem
1414 608 1927 690 accepitnus,Novi
1952 610 2181 674 scilicet

534 701 921 771 Testamenti,
957 719 1064 780 pro
1104 700 1294 779 gratia
1335 700 1551 762 veteris
1600 698 1769 779 legis.
1799 699 1869 760 Et
1897 702 2175 781 quoniam

534 790 977 853 Testamentum
1010 788 1154 849 illud
1190 789 1558 869 antiquatum
1592 797 1705 863 est,
1729 806 1834 867 pro
1857 806 1925 849 eo
1950 790 2173 850 Novum

532 879 973 963 accepimus.Et
992 878 1536 960 quomodo,inquit,
1573 878 1897 941 nominavit
1926 880 2173 956 gratiam

534 967 1200 1036 Vetus'l’estamentum?
1222 967 1302 1029 Eo
1317 968 1475 1048 quod
1502 967 1691 1030 Judaei
1725 969 1911 1048 gratia
1940 969 2000 1029 in
2032 969 2181 1031 ﬁlios

532 1061 788 1141 adoptati
813 1069 871 1122 et
897 1058 1122 1135 recepti
1148 1057 1577 1119 fuerunt.Dicit
1604 1058 1790 1119 enim:
1825 1080 1847 1113 α
1884 1055 2012 1119 Νοη
2044 1058 2181 1138 quia

533 1168 634 1212 vos
656 1150 822 1210 multi
840 1147 1116 1222 estis,sed
1136 1154 1374 1226 propter
1397 1154 1589 1224 patres
1602 1160 1828 1208 vestros
1846 1165 1945 1208 vos
1963 1147 2133 1225 elegi.
2147 1173 2173 1202 ι)

531 1241 737 1301 Patres
787 1254 1023 1319 quoque
1070 1235 1255 1314 gratia
1286 1235 1545 1314 suscepti
1590 1235 1845 1309 fuerunt,
1883 1243 1939 1296 et
1968 1254 2079 1297 nos
2110 1254 2177 1297 ex

532 1328 805 1389 confesso
837 1325 1024 1407 gratia
1053 1342 1261 1384 sumus
1289 1324 1516 1384 salvati.

2262 616 2316 669 ἒν
2377 622 2451 687 τῷ
2500 611 2837 693 ὕπερϐλύζειν
2906 613 3115 693 πλήρης
3177 614 3461 695 διαμένων,
3519 619 3610 674 καὶ
3680 618 3985 677 οωέποτξ

2261 704 2601 777 κενούμενος,
2668 705 2766 761 Καὶ
2825 704 2983 783 χάριν
3026 704 3079 759 δὲ
3124 703 3406 780 ἐλάϐομεν,
3468 709 3568 774 τὴν
3626 714 3744 774 τῆς
3830 720 3975 767 Και-

2258 796 2355 858 νῆς
2414 790 2619 860 δηλαδὴ
2676 794 2973 866 Διαθήκης,
3011 793 3123 849 ἀντὶ
3153 799 3251 861 τῆς
3283 796 3533 875 χάριτος,
3563 801 3671 863 τῆς
3699 796 3979 860 παλαιᾶς

2258 882 2586 953 νομοθεσίας.
2653 881 2801 940 Ἐπεὶ
2874 883 2973 961 γὰρ
3043 883 3217 955 ἐκείνη
3272 888 3305 953 ἡ
3371 887 3615 954 Διαθήκη
3698 887 3973 967 ἐγήρασε

2262 971 2349 1025 καὶ
2423 972 2718 1051 ὶσαθρώθη,
2792 970 2905 1027 ἀντ’
2960 972 3165 1039 ἐκείνης
3222 974 3320 1040 τὴν
3404 975 3539 1032 Νέαν
3626 974 3970 1050 ὲλάὅῡμεν.

2265 1059 2361 1114 Καὶ
2412 1064 2551 1133 πῶς,
2612 1062 2795 1140 φησὶν,
2853 1062 3099 1136 ὠνόμασε
3170 1064 3327 1142 χάριν
3381 1065 3478 1130 τὴν
3513 1065 3772 1120 Παλαιὰν
3822 1076 3970 1121 Δια-

2258 1151 2478 1225 θήκην;
2546 1152 2685 1208 Διότι
2737 1154 2825 1209 καὶ
2885 1156 2931 1209 οἱ
2992 1151 3237 1211 ⁴Ἰουδαῖοι
3295 1156 3474 1235 χάριτι
3533 1160 3966 1227 υἱοθεττξθησαν

2258 1240 2346 1295 καὶ
2400 1239 2853 1321 προσεδέχθησαν.
2916 1244 3055 1310 Φησὶ
3121 1245 3243 1322 γὰρ,
3291 1243 3369 1300 ὅτι
3405 1267 3435 1302 α
3472 1247 3543 1304 Οὒ
3587 1245 3678 1302 διὰ
3730 1250 3802 1305 τὸ
3840 1272 3961 1305 πο-

2260 1325 2554 1395 λυπληθεῖν
2603 1335 2763 1406 ὑμᾶς,
2822 1330 2959 1387 ἀλλὰ
3002 1330 3085 1387 διὰ
3151 1335 3272 1399 τοῦς
3329 1334 3560 1412 πατέρας
3617 1338 3784 1410 ὑμῶν
3864 1338 3957 1402 ἐξ-

532 1418 794 1495 ελεξάμην
828 1420 984 1491 ὅμᾶς.
1027 1440 1050 1470 n
1088 1416 1191 1474 Καὶ
1226 1418 1270 1470 οἱ
1334 1414 1547 1471 παλαιοὶ
1592 1416 1765 1471 τοίνυν
1824 1418 2003 1495 χάριτι
2059 1415 2519 1497 παοσεδέχθησαν,
2554 1422 2640 1475 καὶ
2695 1423 2858 1496 ἡμεῖς
2902 1420 2953 1477 δὲ
3014 1422 3458 1497 ὁμολογουμένως
3516 1426 3713 1504 χάριτί
3768 1427 3954 1501 ἐσμεν

533 1508 876 1582 σεσωσμένοι.

610 1597 757 1656 me
778 1593 959 1657 Vens.
996 1594 1093 1656 l7.
1134 1617 1155 1649 ι
1188 1592 1338 1665 Quia
1368 1592 1459 1654 lex
1491 1610 1598 1673 per
1627 1594 1857 1655 Mosem
1890 1592 2025 1653 data
2055 1603 2169 1674 est,

2342 1614 2368 1653 ε
2407 1586 2537 1653 ΗΟτι
2585 1600 2611 1652 ὁ
2643 1600 2801 1673 νόμος
2866 1597 2949 1654 διὰ
3010 1600 3243 1662 Μωσέως
3287 1600 3465 1681 ἐδόθη,
3499 1605 3531 1670 ἡ
3565 1606 3740 1683 χάρις
3773 1610 3880 1661 καὶ
3919 1612 3948 1673 ὲ,

528 1686 711 1765 gratia
762 1694 821 1747 et
859 1684 1071 1745 veritas
1112 1700 1220 1763 per
1242 1680 1443 1744 Jesum
1477 1679 1776 1744 Christum
1810 1681 1959 1744 facta
1994 1689 2103 1743 est.
2142 1705 2158 1738 ι

2256 1681 2477 1752 ἀλήθεια
2534 1682 2617 1741 διὰ
2669 1686 2848 1754 Ἰησοῦ
2906 1691 3136 1767 Χριστοῦ
3191 1679 3492 1767 ἐγένετοξ»
3527 1679 3947 1771 Ἐᾧερμηνεῦει

526 1774 952 1856 Interpretatur
977 1772 1147 1835 nobis
1169 1772 1463 1851 quomodo
1490 1771 1901 1852 acceperimus
1921 1771 2169 1850 gratiam

530 1883 796 1942 magnam
831 1881 934 1943 pro
964 1880 1138 1943 parva
1157 1861 1433 1941 gratia;et
1465 1859 1607 1921 dicit
1627 1860 1783 1941 quod
1812 1860 1904 1922 lex
1930 1860 2168 1941 quidem

526 1972 632 2033 per
660 1956 879 2015 Mosem
908 1952 1042 2013 data
1075 1952 1170 2019 sit,
1204 1968 1335 2010 cum
1370 1954 1644 2012 uteretur
1666 1952 1823 2013 Deus
1848 1949 2173 2011 mediatore

524 2041 768 2103 homine
801 2041 1219 2117 Mose,Novum
1244 2046 1441 2099 autem
1464 2037 1914 2100 Testamentum
1944 2056 2051 2119 per
2078 2039 2170 2101 Je-

518 2150 654 2191 sum
688 2131 1007 2206 Christum,
1042 2128 1198 2209 quod
1222 2127 1465 2207 quidem
1498 2136 1556 2188 et
1586 2128 1774 2207 gratia
1806 2130 2164 2209 nominatur,

524 2238 594 2281 eo
625 2220 779 2302 quod
812 2219 1055 2299 largitus
1076 2219 1153 2279 sit
1184 2218 1360 2279 nobis
1386 2219 1545 2279 Deus
1579 2235 1697 2277 non
1730 2216 1920 2277 solum
1953 2233 2166 2297 pecca-

522 2320 715 2371 torum
746 2310 1185 2382 remissionem,
1241 2306 1345 2368 sed
1379 2314 1437 2367 et
1482 2306 1737 2367 ﬁliorum
1764 2305 2165 2384 adoptionem.

525 2400 760 2463 Veritas
792 2407 986 2459 autem
1019 2404 1360 2469 vocatur,eo
1383 2394 1539 2475 quod
1571 2412 1941 2475 quaecunque
1973 2404 2170 2475 patres

525 2487 668 2549 olim
697 2490 753 2547 in
786 2488 971 2564 ﬁgura
1003 2484 1089 2545 vel
1117 2484 1398 2545 viderunt
1425 2482 1515 2543 vel
1548 2482 1725 2544 locuti
1750 2491 1986 2556 sunt,ea
2002 2483 2164 2545 clare

523 2579 634 2639 hoc
659 2575 1254 2658 prmdicarithvum
1278 2572 1479 2651 igitur,
1503 2570 1772 2651 inquam,
1808 2571 2159 2636 Testamen~

524 2665 831 2746 tum,quod
858 2674 917 2727 et
940 2663 1128 2741 gratia
1149 2662 1489 2723 nominatur
1512 2670 1571 2722 et
1591 2661 1835 2742 veritas,
1869 2661 2162 2723 mediato-

521 2775 645 2818 rem
672 2773 789 2817 non
811 2754 991 2816 habet
1012 2752 1340 2832 simplicem
1365 2759 1423 2811 et
1449 2769 1660 2831 purum
1687 2750 2022 2832 hominem,
2056 2751 2161 2813 sed

519 2846 731 2907 Filium
754 2845 963 2906 Dei.Et
983 2843 1114 2903 vide
1135 2841 1435 2922 quomodo
1460 2840 1534 2902 de
1557 2848 1754 2902 vetere
1779 2840 1961 2903 dicit:
2000 2862 2024 2899 ι
2051 2840 2157 2903 Da-

520 2946 643 2998 tum
677 2943 761 2994 est
786 2950 894 3013 per
918 2929 1461 2993 Mosen.nMinister
1490 2930 1649 2989 enim
1676 2937 1736 2991 et
1756 2929 2032 2992 subditus
2056 2930 2157 2992 ille

2253 1774 2413 1846 ἡμῖν,
2489 1778 2605 1836 πῶς
2677 1774 2935 1851 ἐλάϐομεν
2995 1775 3153 1856 χάριν
3232 1780 3486 1857 μεγίστην
3542 1781 3657 1837 ἀντὶ
3725 1792 3944 1860 μικρᾶς

2255 1860 2477 1939 χάριτος
2513 1878 2528 1894 ⁶
2593 1866 2680 1920 καί
2723 1889 2909 1946 φησιν,
2971 1864 3050 1922 ὅτι
3096 1869 3122 1923 ὃ
3182 1867 3278 1943 μὲν
3334 1869 3497 1944 νόμος
3541 1867 3625 1925 διὰ
3675 1874 3941 1935 Μωσέως

2255 1946 2433 2026 ἐδόθη,
2482 1953 2673 2028 μεσίτῃ
2731 1954 3081 2033 χρησαμένου
3139 1966 3231 2015 τοῦ
3288 1964 3419 2014 Θεοῦ
3493 1958 3788 2035 ἀνθρώπῳ,

2255 2044 2447 2094 Μωσεϊ
2503 2063 2640 2120 φημι
2678 2059 2691 2074 ⁸
2738 2043 2773 2109 ἡ
2818 2040 2872 2098 δὲ
2919 2042 3087 2111 Καινὴ
3136 2046 3375 2114 Διαθήκη
3421 2041 3503 2101 διὰ
3557 2045 3749 2112 Ἰησοῦ
3786 2056 3931 2125 Χρι-

2251 2134 2400 2207 στοῦ,
2462 2127 2587 2195 ἥτις
2646 2132 2733 2187 καὶ
2787 2132 2945 2211 χάρις
3004 2133 3351 2209 ὀνομάζεται,
3411 2132 3541 2190 διότι
3612 2138 3931 2215 ἐχαρίσατο

2250 2218 2386 2305 ἡμῖν
2436 2220 2462 2273 ὁ
2523 2220 2653 2284 Θεὸς
2715 2223 2773 2279 οὗ
2828 2222 2991 2296 μόνον
3049 2226 3147 2289 τὴν
3207 2221 3389 2303 ἄφεσιν
3446 2231 3551 2280 τῶν
3599 2223 3920 2305 ἁμαρτιῶν,

2251 2304 2387 2362 ἀλλᾶ
2430 2308 2516 2363 καὶ
2559 2310 2658 2377 τὴν
2707 2312 2983 2373 υἱοθεσίαν,
3050 2310 3297 2382 Ἀλήθεια
3343 2312 3396 2368 δὲ
3452 2312 3731 2393 καλεῖται,
3798 2320 3923 2374 καθ’

2252 2393 2376 2451 ὅσον
2418 2395 2515 2454 ὅσα
2548 2399 2594 2454 οἱ
2625 2396 2787 2455 πάλαι
2830 2402 3063 2464 τυπικῶς
3092 2400 3127 2468 ἢ
3179 2401 3348 2478 εἶδον,
3402 2402 3438 2469 ἢ
3498 2406 3680 2477 εἷπον,
3746 2409 3918 2463 ταῦτα

2250 2482 2509 2561 λαμπρῶς
2567 2486 2698 2555 αῦτη
2760 2488 3094 2561 ἆνεκήρυξεν.
3146 2481 3207 2547 Ἠ
3251 2492 3422 2548 τοίνυν
3471 2493 3639 2559 Καινή
3692 2500 3916 2567 Διαθή-

2248 2593 2343 2648 κη,
2390 2576 2423 2643 ἦ
2483 2576 2569 2631 καὶ
2627 2577 2785 2655 χάρις
2843 2578 3211 2653 ὄνομαςυμένη
3254 2584 3341 2637 καὶ
3384 2579 3632 2653 ἀλήθεια,
3678 2584 3789 2640 οὐκ
3822 2586 3915 2640 ἆν-

2245 2660 2437 2739 θρώπῳ
2492 2668 2635 2739 ψιλῷ
2713 2666 2900 2743 μεσίτῃ
2961 2668 3256 2747 ἐχρήσατο,
3331 2668 3466 2725 ἀλλὰ
3515 2677 3592 2743 τῷ
3640 2673 3756 2747 Υῐῷ
3820 2683 3912 2731 τοῦ

2247 2756 2397 2843 Θεοῦέ
2458 2753 2556 2810 Καὶ
2613 2753 2708 2833 ὅρα
2763 2762 2878 2818 πῶς
2936 2755 3021 2812 ἐπὶ
3066 2757 3162 2832 μὲν
3206 2763 3305 2826 τῆς
3348 2758 3585 2823 Παλαιᾶς
3647 2776 3785 2818 εἶπε
3818 2767 3906 2843 τὸ,

2242 2857 2274 2898 (
2309 2835 2494 2909 Ἐδόθη
2552 2840 2635 2899 διὰ
2696 2844 2931 2908 Μωσέως
2963 2861 2978 2875 ⁸
3020 2863 3043 2886 ³
3074 2848 3334 2927 ὑπουργὸς
3364 2850 3462 2929 γὰρ
3492 2851 3577 2906 καὶ
3618 2835 3903 2930 ὑπηρέτης

2239 2935 2388 2993 οὗτος
2418 2930 2507 2998 ἧν.
2542 2931 2662 2989 Ἐπὶ
2715 2932 2769 2989 δὲ
2826 2940 2924 3001 τῆς
2958 2940 3175 3009 Καινῆς,
3214 2940 3308 2996 οὐκ
3351 2938 3474 2994 εἶπε
3506 2940 3589 3013 τὸ,
3631 2959 3661 2998 ι
3709 2939 3902 3021 ἐδόθη,

517 3023 759 3086 erat.De
784 3026 949 3087 Novo
972 3029 1165 3083 autem
1185 3017 1570 3082 Testamento
1613 3037 1729 3080 non
1756 3019 1924 3093 dixit,
1945 3022 2152 3082 Datum

2246 3017 2374 3107 ἄλλα
2417 3022 2499 3094 τὸ,
2538 3044 2567 3077 α
2601 3021 2831 3099 ἐγένετο,
2873 3048 2895 3080 ιι
2930 3024 3023 3081 ’ίνα
3051 3022 3191 3103 δείξῃ
3220 3028 3320 3083 ὑπὸ
3362 3037 3455 3087 τοῦ
3499 3030 3689 3106 Κυρίου
3738 3017 3898 3107 ἡμῶν

516 3122 627 3194 est,
662 3114 789 3185 sed,
830 3138 856 3168 α
892 3112 1132 3173 Factum
1166 3116 1302 3171 est:
1341 3134 1367 3164 ι)
1404 3119 1465 3169 ut
1513 3112 1784 3171 ostendat
1814 3128 1846 3170 a
1902 3091 2155 3171 Domino

2246 3106 2419 3174 Ἰησοῦ
2475 3111 2721 3189 Χριστοῦ,
2776 3114 2850 3177 ὡς
2892 3091 3176 3189 δεσπότουξ
3217 3117 3340 3195 οὐχὶ
3381 3091 3589 3187 δούλου,
3652 3091 3896 3197 γενοιμέ-

516 3212 716 3264 nostro
743 3200 881 3264 Jesu
913 3199 1171 3269 Christo,
1205 3196 1651 3271 velutDomino,
1688 3217 1802 3259 non
1837 3216 2038 3271 servo,
2075 3199 2155 3260 fa-

515 3301 666 3353 ctam
697 3300 754 3352 et
778 3291 849 3352 ad
879 3292 1052 3352 linem
1086 3288 1431 3369 perductam
1462 3286 1714 3366 gratiam
1733 3305 1800 3347 ac
1822 3287 2152 3352 veritatem.

512 3384 660 3445 Nam
693 3381 782 3447 lex
813 3378 1052 3460 quidem
1089 3379 1219 3437 data
1242 3385 1330 3437 est
1366 3395 1397 3435 a
1432 3374 1574 3455 Deo,
1611 3376 1939 3439 mediatore
1963 3377 2152 3453 Mose,

511 3472 697 3551 gratia
724 3478 919 3531 autem
952 3467 1102 3528 facta
1132 3474 1367 3546 est,non
1398 3464 1551 3538 data,
1588 3481 1694 3544 per
1735 3467 1935 3527 Jesum
1966 3465 2146 3530 Chri-

510 3570 689 3623 stum.
719 3560 958 3620 Factum
980 3574 1133 3636 esse,
1154 3554 1560 3615 auctoritatem
1594 3553 1907 3633 quamdam
1937 3564 2142 3618 sonat:

511 3651 709 3710 datum
741 3665 901 3721 vero,
931 3644 1318 3705 ministerium
1353 3642 1592 3703 indicat.

576 3737 760 3801 VERS.
798 3736 888 3799 l8.
931 3760 954 3789 α
990 3733 1177 3795 Deum
1203 3750 1375 3793 nemo
1396 3724 1839 3813 viditunquam,
1865 3736 2139 3814 unigeni-

505 3838 597 3888 tus
636 3825 843 3905 Filius,
875 3822 974 3903 qui
1006 3830 1095 3883 est
1133 3822 1192 3881 in
1224 3821 1358 3882 sinu
1391 3819 1610 3893 Patris,
1643 3821 1741 3882 ille
1768 3823 2082 3886 enarravit.
2116 3851 2142 3881 ι)

504 3914 791 3988 Quoniam
827 3913 1053 3972 dixerat
1084 3909 1241 3990 quod
1279 3934 1303 3963 α
1337 3909 1524 3987 gratia
1554 3916 1610 3970 et
1652 3910 1867 3973 veritas
1910 3930 2018 3992 per
2043 3913 2146 3975 Je-

506 4023 637 4068 Sum
670 4001 963 4066 Christum
1002 4000 1146 4059 facta
1178 3998 1275 4073 sit,
1307 4024 1331 4053 ι)
1370 3997 1526 4059 ismd
1560 3998 1753 4078 ipsum
1787 4000 1988 4063 volens
2037 4002 2147 4064 ad-

510 4104 763 4163 struere,
798 4090 960 4151 dicit°
988 4088 1149 4152 Nihil
1184 4087 1539 4149 incredibile
1574 4088 1717 4151 dixi.
1750 4088 1893 4151 Nam
1952 4091 2149 4155 Moses

507 4182 746 4265 quidem
782 4197 973 4259 neque
1005 4181 1192 4241 Deum
1227 4177 1389 4249 vidit,
1417 4177 1571 4238 sicut
1604 4196 1796 4258 neque
1816 4178 1965 4240 alius
1995 4180 2150 4261 quis-

508 4275 686 4353 piam:
725 4289 834 4331 nec
868 4268 1055 4349 potuit
1085 4267 1255 4327 nobis
1280 4266 1650 4327 manifestam
1687 4266 2045 4347 etliquidam
2076 4269 2149 4333 de

505 4363 608 4423 illo
645 4361 1041 4422 narrationem
1074 4356 1276 4417 dicere
1304 4374 1323 4446 ς
1393 4355 1495 4446 sed
1547 4365 1892 4446 cumLesAset
1925 4377 2153 4446 servus,

509 4451 782 4513 minister
812 4447 919 4509 fuit
951 4446 1138 4507 solum
1173 4445 1373 4523 legalis
1405 4445 1635 4506 litterae.
1659 4443 1926 4507 Christus
1955 4443 2151 4509 autem

506 4542 609 4620 qui
633 4547 724 4600 est
755 4537 964 4611 Filius,
1000 4544 1057 4595 et
1090 4532 1458 4611 Unigenitus,
1492 4541 1552 4593 et
1608 4532 1668 4594 in
1722 4534 1859 4594 sinu
1910 4544 2153 4614 paterno

505 4640 742 4701 est,non
776 4627 965 4687 solum
999 4625 1163 4686 illum
1200 4621 1492 4695 videl,sed
1525 4622 1700 4683 etiam
1735 4623 2010 4686 omnibus
2041 4625 2153 4686 ho-

505 4719 769 4779 minibus
784 4719 857 4778 de
882 4716 982 4777 illo
1005 4712 1523 4791 annuntiatzatque
1550 4712 1648 4788 ita,
1683 4713 1818 4793 quia
1834 4713 2018 4775 Filius
2039 4725 2152 4797 est,

503 4807 797 4871 etPatrem
822 4806 1067 4875 videt,et
1105 4804 1164 4864 in
1190 4802 1323 4862 sinu
1348 4802 1477 4881 ejus
1521 4810 1630 4876 est,
1662 4802 1873 4863 merito
1903 4805 2148 4882 gratiam

501 4906 561 4960 et
580 4897 885 4959 veritatcm
926 4894 1097 4955 nobis
1131 4892 1313 4955 dedit.
1346 4894 1639 4953 Caeterum
1665 4891 1879 4953 dixerit
1905 4892 2003 4955 hic
2024 4893 2151 4955 {or-

500 4997 655 5048 tasse
686 4984 1003 5066 quispiam:
1039 4980 1346 5055 Quomodo
1380 4980 1492 5041 hoc
1524 4980 1653 5041 loco
1674 4980 1957 5043 discimus
1991 4984 2147 5062 quod

496 5076 697 5137 nullus
728 5073 941 5135 viderit
961 5071 1311 5145 Deum,cum
1369 5069 1657 5149 propheta
1688 5069 1845 5131 dicat
1879 5091 1892 5133 :
1934 5100 1955 5128 ι
2017 5069 2150 5134 Vidi

498 5165 820 5229 Dominum
842 5162 963 5225 33?»
992 5161 1149 5223 Vidit
1171 5159 1410 5240 quidem
1434 5161 2009 5239 prOphetaDeum,at
2030 5180 2146 5221 non

496 5256 683 5336 ipsam
712 5248 1237 5323 substantiam,sed
1274 5248 1729 5309 similitudinem
1781 5257 1838 5310 et
1859 5269 2145 5330 apparen-

496 5346 637 5406 tiam
663 5342 1003 5425 quamdam,
1032 5342 1184 5402 sicut
1214 5355 1426 5417 capere
1452 5346 1705 5417 poterat.
1739 5338 1807 5399 Et
1852 5339 2003 5401 alius
2033 5341 2142 5400 ite-

497 5452 627 5495 rum
694 5434 754 5493 in
805 5431 923 5494 alia
981 5430 1165 5507 ﬁgura
1212 5426 1375 5501 vidit,
1435 5431 1496 5487 et
1547 5426 1699 5487 alius
1722 5428 1781 5488 in
1803 5429 1931 5489 alia.
1975 5427 2141 5490 Unde

2181 4357 2399 4423 θαύτοῦ
2452 4360 2621 4417 εἰπεῖν
2658 4377 2670 4391 ·

2238 3219 2360 3277 νην,
2417 3202 2505 3256 καὶ
2562 3202 2635 3266 εἷς
2666 3200 2817 3267 τέλος
2848 3201 3119 3283 προϐἆσαν
3160 3205 3258 3273 τὴν
3301 3206 3460 3285 χάριν
3488 3208 3577 3263 καὶ
3607 3209 3710 3277 τὴν
3745 3209 3895 3281 ἀλή-

2235 3288 2401 3349 θειαν.
2459 3289 2637 3366 Νόμος
2693 3293 2791 3367 μὲν
2850 3295 2948 3373 γὰρ
2991 3293 3144 3362 ἐδόθη
3203 3296 3344 3373 παρὰ
3402 3296 3531 3353 Θεοῦ
3590 3294 3677 3355 διὰ
3722 3302 3894 3375 μέσου

2235 3374 2326 3432 τοῦ
2386 3379 2619 3444 Μωσέως
2654 3398 2669 3416 ⁸
2716 3382 2750 3449 ἦ
2782 3382 2941 3462 χάρις
2968 3383 3203 3464 ἐγένετο,
3236 3386 3357 3464 οὖχῖ
3386 3382 3563 3467 ἐδόθη,
3588 3384 3675 3443 διᾶ
3707 3374 3891 3457 ⁹Ϊησοι)

2236 3471 2484 3555 ξριστοῦ.
2545 3468 2851 3527 Α’ἶιθεντικὸν
2895 3471 2992 3548 μὲν
3021 3473 3106 3554 τὸ,
3147 3493 3178 3532 ι
3229 3472 3496 3555 Ἐγένετο,
3552 3498 3575 3533 v
3641 3476 3885 3537 δουλικὸν

2230 3550 2284 3611 δὲ
2312 3556 2396 3636 τὸ,
2437 3576 2462 3613 α
2497 3554 2674 3626 ἐδόθη.
2711 3583 2740 3615 ι

2320 3757 2346 3789 α
2397 3736 2527 3791 Θεὸν
2550 3735 2713 3801 οὐδεὶς
2741 3738 2942 3817 ἐώρακε
2995 3739 3210 3796 πώποτε
3238 3758 3255 3776 ο
3312 3742 3340 3797 ὁ
3382 3745 3676 3822 μονογενὴς
3734 3750 3885 3820 Υἱὸς,

2232 3824 2358 3911 edn
2386 3823 2440 3911 ἐν
2470 3839 2588 3889 τοῖς
2617 3824 2837 3890 κόλποις
2862 3829 2956 3884 τοῦ
2977 3831 3213 3911 ΑΠατρὸς,
3248 3828 3452 3895 ἐκεῖνος
3483 3832 3816 3911 ἐξηγήσατο,
3864 3864 3885 3893 ι

2234 3910 2455 3998 Ἐπειδὴ
2511 3915 2692 3995 εἶπεν,
2753 3913 2832 3972 ὅτι
2897 3940 2923 3972 α
2976 3909 3035 3973 Ἠ
3089 3919 3247 3998 χάρις
3291 3921 3377 3976 καὶ
3436 3923 3470 3989 ἡ
3527 3909 3749 3993 ἀλήθεια
3802 3924 3887 3983 διὰ

2234 3997 2410 4069 Ἰησοῦ
2468 4004 2693 4083 Χριστοῦ
2738 4004 2966 4083 ἐγένετο,
3032 4031 3052 4063 ι
3117 3997 3267 4064 τοῦτο
3335 4009 3501 4066 θέλων
3543 4018 3885 4075 κατασκευά-

2232 4113 2344 4165 σαι,
2405 4091 2595 4172 φησίν,
2632 4092 2711 4149 ὅτι
2767 4093 2925 4152 Οὐδὲν
2973 4093 3190 4152 ἄπιστον
3237 4097 3453 4176 εἴρηκα,
3515 4090 3571 4157 ’0
3620 4100 3720 4172 μὲν
3782 4104 3887 4183 γάρ

2234 4184 2433 4248 Μωσῆς
2492 4180 2606 4238 οὔτε
2653 4184 2781 4238 Θεὸν
2838 4184 3090 4264 ἑώρακεν,
3148 4185 3325 4265 ὥσπερ
3388 4185 3493 4244 οὐδ’
3551 4186 3710 4253 ἄλλος
3767 4180 3879 4269 τις,

2232 4267 2349 4362 οῦτε
2380 4270 2538 4362 εἶχεν
2569 4272 2704 4345 ἡμῖν
2762 4271 3013 4362 ἐξήγησιν
3063 4277 3421 4354 τρανεστάτην
3465 4278 3551 4335 καὶ
3580 4283 3723 4357 σαφῆ
3766 4267 3887 4362 περὶ

2734 4360 2869 4419 ἀλλὰ
2943 4362 3126 4428 δοῦλος
3184 4366 3277 4439 ὢν,
3342 4366 3643 4437 ὑπηρέτησε
3721 4360 3885 4443 μόνον

2237 4449 2367 4527 πρὸς
2438 4449 2534 4516 τὴν
2577 4457 2668 4506 τοῦ
2738 4461 2957 4514 νομικοῦ
3011 4454 3324 4531 γράμματος
3381 4452 3664 4519 διακονίαν.
3716 4451 3770 4517 Ὀ
3832 4459 3885 4517 δί

2235 4539 2483 4617 Χριστὸς,
2534 4541 2652 4603 Υἱὸς
2706 4542 2779 4596 ὢν
2822 4543 2907 4597 καὶ
2943 4545 3265 4620 Μονογενὴς,
3300 4545 3387 4601 καὶ
3433 4546 3485 4601 ἐν
3520 4559 3633 4611 τοῖς
3662 4547 3884 4615 κόλποις

2234 4627 2309 4682 ὢν
2366 4641 2484 4691 τοῖς
2514 4643 2820 4709 πατρικοῖς,
2854 4630 2915 4687 οὗ
2970 4632 3131 4707 μόνον
3161 4635 3317 4692 αὐτὸν
3350 4637 3465 4714 ὁρᾷ,
3495 4633 3629 4691 ἆλλὰ
3656 4639 3743 4693 καὶ
3772 4649 3880 4696 πᾶ-

2237 4738 2317 4771 σιν
2361 4715 2654 4794 ἀνθρώποις
2711 4717 2984 4797 ἐξηγεῖται
3037 4723 3163 4800 περὶ
3208 4721 3388 4782 αὐτοῦ.
3467 4715 3647 4780 "Qus
3704 4726 3884 4798 ἐπειδὶ⁸

2235 4805 2353 4867 Υἱός
2391 4804 2522 4887 ἐστι,
2582 4809 2669 4863 καὶ
2724 4809 2814 4865 τὸν
2862 4811 3070 4887 Πατέρα
3118 4813 3235 4890 ὁρᾷ,
3287 4812 3385 4869 οἷα
3414 4811 3478 4880 δὴ
3519 4814 3575 4867 ὶν
3600 4827 3722 4877 τοῖς
3750 4818 3879 4873 κόλ-

2235 4916 2352 4958 ποις,
2413 4897 2570 4956 αὑτοῦ
2610 4898 2706 4973 ὢν,
2768 4898 2986 4964 εἰκότως
3042 4900 3140 4968 τὴν
3199 4901 3359 4980 χάριν
3388 4903 3476 4959 καὶ
3505 4902 3603 4971 τὴν
3633 4902 3879 4975 ἀλήθειαν

2232 4985 2369 5058 ἡμῖν
2400 4982 2613 5048 ἔδωκεν,
2660 4985 2813 5043 Ἀλλ’
2860 4989 2975 5065 ἐρεῖ
3029 5010 3109 5053 τις
3163 4989 3297 5053 ἴσως
3333 5010 3348 5025 ·
3380 4997 3497 5058 Πῶς
3525 4994 3745 5051 ἐνταῦθα
3786 4998 3877 5071 μὲν

2235 5074 2589 5149 μανθάνομεν,
2638 5072 2715 5130 ὁτι
2775 5073 2939 5139 οὗδεὶς
3002 5077 3203 5154 ἑώρακε
3259 5082 3349 5136 τὸν
3401 5088 3557 5161 Θεὸν,
3588 5083 3617 5137 ὁ
3649 5078 3705 5139 δὲ
3748 5106 3862 5164 προ-

2233 5161 2407 5253 φήτης
2459 5162 2602 5253 λέγει
2636 5179 2652 5195 ⁸
2694 5186 2721 5218 at
2764 5162 2921 5221 Εἶδον
2951 5168 3041 5223 τὸν
3076 5167 3261 5246 Κύριον
3300 5188 3317 5244 ;
3358 5192 3381 5226 ι
3420 5168 3545 5227 Εἷδε
3576 5170 3674 5246 μὲν
3704 5174 3733 5228 ὁ
3757 5161 3865 5253 προ·

2228 5251 2429 5329 φήτης,
2475 5248 2594 5307 ἀλλ’
2643 5254 2735 5309 οὒκ
2768 5254 2929 5321 αὐτὴν
2980 5256 3077 5323 τὴν
3131 5258 3336 5334 οὗσίαν,
3386 5257 3505 5314 ἀλλ’
3540 5248 3852 5337 ὁμοίωμά-τι

2225 5339 2311 5395 καὶ
2341 5341 2627 5418 φαντασίαν
2673 5342 2815 5422 τινᾶ,
2848 5345 2921 5406 ὡς
2972 5342 3167 5425 ἐχώρει
3199 5344 3354 5410 ἰδεῖν,
3392 5348 3489 5405 Καὶ
3533 5348 3697 5413 ἄλλος
3727 5349 3842 5406 πάλιν

2222 5432 2276 5483 ἓν
2306 5427 2451 5502 ἄλλῳ
2479 5429 2630 5505 τόπῳ
2659 5429 2797 5504 εἶδε,
2833 5435 2918 5489 καὶ
2968 5431 3129 5499 ἄλλος
3158 5434 3214 5492 ἐν
3264 5435 3431 5512 ἄλλῳ.
3485 5426 3655 5496 ΩὈθεν
3696 5436 3846 5515 δῆλον,

492 5523 724 5585 scilicet
754 5540 871 5582 non
902 5522 1088 5601 ipsam
1122 5518 1429 5580 veritatem
1459 5515 1731 5581 viderunt
1763 5539 1775 5551 ·
1823 5537 1936 5579 non
1975 5519 2135 5580 enim

2246 5519 2295 5575 in
2333 5521 2424 5577 οὐκ
2482 5518 2647 5586 αῦτὴν
2690 5520 2788 5588 τὴν
2843 5521 3097 5593 ἀλήθειαν
3146 5522 3370 5582 ἔϐλεπον
3406 5545 3420 5561 ο
3459 5526 3519 5581 οῦ
3567 5527 3671 5609 γάρ
3718 5526 3773 5583 ἂν
3810 5526 3858 5583 ἦν

568 5685 773 5746 5318a.
807 5688 887 5759 vt,
931 5692 949 5741 t
