4140 6280
256 355 466 423 “‘69
1046 368 1491 431 ENARRXTIO
1536 368 1613 432 IN
1662 366 2166 435 EVA‘NGELIUM
2206 368 2549 437 JOANNIS.
2601 403 2615 412 -
2649 405 2676 415 -
2714 369 2887 433 CAP.
2938 370 2985 431 Ι.
3576 363 3726 428 1170

254 516 419 563 την.
494 502 733 578 Λέγουσι
783 503 883 580 γάρ
918 518 932 531 ⁸
984 523 1007 558 ε
1049 503 1104 560 El
1164 504 1345 559 σὺιοίηι
1381 504 1435 560 εἷ
1468 504 1496 560 ὀ
1528 507 1774 583 Χριστὸς,
1802 504 1925 560 οὔτε
1949 501 1978 556 ό

2064 497 2163 576 qui
2187 501 2660 580 exspectabatur,
2715 500 3082 582 prophetam.
3114 497 3327 560 Dicunt
3359 496 3541 559 enim:
3592 496 3724 579 «.Si

256 589 614 666 προφήτης
654 605 670 620 ⁶
711 613 735 649 ε
794 590 974 670 ἕτερον
1021 593 1264 655 νοοῦντες
1309 592 1398 647 τὸν
1440 594 1667 671 Χριστὸν
1699 593 1865 667 εἶναι,
1898 591 1978 646 καῖ

2073 593 2132 647 ιιι
2151 607 2267 649 nou
2314 609 2375 651 es
2409 590 2698 663 Christus,
2730 609 2923 669 neque
2970 590 3260 669 propheta
3292 586 3416 649 ille:
3476 613 3499 641 ι
3535 588 3715 649 alium

264 672 483 733 ano»
537 681 631 735 τὸν
658 680 964 759 προφήτην,
998 681 1177 743 κακῶς
1203 679 1419 744 εἰδότες.
1470 674 1528 739 Ὀ
1577 682 1677 759 γὰρ
1707 683 1978 761 προφήτης

2072 676 2467 757 intelligentes
2488 680 2810 754 Christum,
2847 688 2906 740 et
2938 681 3115 741 alium
3137 679 3480 757 prophetam
3518 675 3713 749 illum,

272 762 479 833 αὑτός
516 768 663 825 ἐστιν
691 772 719 825 6
750 771 975 848 Χριστὸς
1004 770 1092 827 καὶ
1122 771 1253 832 Θεὸς
1302 771 1481 845 ἡμῶν.
1534 777 1707 829 Ταῦτα
1734 770 1789 827 δὲ
1818 770 1991 827 πάντα

270 851 542 931 ἔλεγον,
589 858 663 920 ὡς
708 857 866 939 ἔφην,
917 861 992 922 ὡς
1024 859 1086 913 ἂν
1140 860 1614 937 καταναγκάσωσιν
1660 858 1991 937 ὁμολογῆσαι

276 945 522 1006 ἑαυτὸν
572 952 795 1030 Χριστόν
832 974 845 986 ·
882 950 1086 1026 μᾶλλον
1115 949 1194 1026 δὲ,
1227 953 1271 1007 εἰ
1298 952 1408 1032 χρὴ
1446 954 1509 1008 τὸ
1538 951 1884 1030 ἀληθέστερον
1914 953 1993 1008 εἰ·

271 1049 465 1107 -τεϊν,
540 1041 613 1102 ὡς
655 1042 1028 1116 βασκαίνοντες
1060 1044 1220 1100 αὑτοῦ
1250 1048 1347 1110 τῆς
1388 1039 1566 1121 δόξης,
1598 1041 1866 1121 ἐρωτῶσιν
1897 1042 1993 1097 αὑ-

278 1125 429 1189 τόν,
503 1130 596 1185 Διὸ
639 1128 759 1186 οὑδὲ
801 1130 1177 1200 πυνθάνονται,
1221 1132 1265 1186 εἰ
1310 1130 1464 1195 αὑτός
1513 1131 1653 1187 ἐστιν
1682 1133 1710 1188 6
1743 1132 1988 1209 Χριστὸς,

288 1212 493 1289 ἀλλὰ,
562 1237 586 1271 ε
622 1219 692 1274 Σὺ
735 1218 811 1284 τίς
853 1219 908 1275 εἷ
941 1236 958 1291 ;
994 1242 1022 1273 ι
1082 1220 1277 1275 ὡσανεὶ
1333 1217 1579 1297 λέγοντες
1614 1238 1630 1253 °
1675 1225 1763 1283 Τίς
1793 1223 1849 1276 εἶ
1877 1220 1939 1275 σὺ
1963 1221 1992 1277 6

298 1301 636 1380 τηλικούτῳ
679 1306 813 1385 ἕργιε.
865 1306 1181 1387 ἐπιχειρῶν,
1233 1312 1311 1380 τῷ
1366 1308 1635 1384 βαπτίζειν
1677 1310 1764 1365 καὶ
1805 1308 1991 1365 καθαί-

297 1412 435 1466 ρειν
487 1396 609 1459 τοὺς
654 1394 1165 1474 ἐξομοὶογουμένους
1198 1413 1216 1471 ;
1250 1395 1371 1456 ’Καὶ
1426 1397 1527 1477 γάρ
1565 1419 1655 1473 μοι
1712 1400 1987 1478 φαίνονται

302 1481 359 1534 οἱ
424 1480 681 1542 Ἰουδαῖοι
724 1484 965 1548 θέλοντες
1008 1486 1146 1559 μηδὲ
1208 1486 1299 1542 τὸν
1356 1486 1611 1552 Ἰωάννην
1665 1483 1808 1551 δόξαι
1850 1486 1991 1562 παρὰ

303 1583 447 1633 τοῖς
497 1571 722 1635 πολλοῖς
768 1576 1014 1652 Χριστὸν,
1070 1571 1189 1630 ἀλλ’
1251 1573 1357 1631 ἀπὸ
1401 1572 1592 1654 φθόνον
1648 1576 1735 1631 καὶ
1778 1576 1988 1652 βασκα-

306 1658 443 1723 νίας
494 1660 698 1740 ἐρωτᾷν
742 1664 899 1718 αὑτόν
932 1681 945 1693 °
1001 1685 1027 1716 ε
1079 1662 1148 1718 Σὺ
1190 1663 1269 1727 τίς
1304 1663 1407 1741 si;
1463 1682 1492 1722 ι
1553 1664 1988 1733 Καταρατώτατοι

308 1748 529 1830 τοίνυν,
578 1754 625 1808 οἱ
679 1751 1002 1827 βαπτίζοντα
1056 1750 1465 1831 ὑποδεχόμενοι,
1501 1752 1618 1827 μεθ’
1650 1754 1677 1809 ὃ
1708 1750 1762 1809 δὲ
1790 1755 1990 1830 βαπτι-

2076 767 2231 828 male
2261 769 2609 831 sentientes.
2639 769 2782 831 Nam
2818 770 3103 848 propheta
3131 767 3255 845 ille,
3287 766 3414 845 ip°e
3439 773 3529 826 est
3551 765 3720 828 Chri-

2077 861 2200 916 stus
2233 866 2291 917 et
2320 857 2479 919 Deus
2502 868 2725 921 noster.
2759 858 2897 918 522
2920 857 3058 919 Haec
3084 864 3280 918 autem
3319 853 3518 916 omnia
3548 854 3713 915 dice-

2077 943 2237 1024 bant,
2266 946 2417 1007 sicut
2459 947 2578 1007 dixi
2636 957 2698 1008 ut
2727 957 3009 1027 urgerent
3039 965 3173 1008 eum
3205 944 3359 1025 quod
3395 944 3714 1006 conﬁtere-

2075 1040 2168 1093 tur
2197 1052 2260 1094 se.
2283 1054 2413 1095 esse
2443 1036 2764 1098 Christum.
2801 1036 2924 1097 Imn
2953 1037 3000 1096 si
3032 1036 3263 1096 veriora
3293 1034 3495 1095 dicere
3547 1032 3711 1111 licet,

2075 1123 2239 1201 quasi
2262 1123 2593 1185 invidentes
2619 1127 2746 1205 ejus
2770 1126 2993 1203 gloriae,
3015 1142 3149 1185 eum
3180 1121 3713 1200 interrogant.Ideo

2077 1229 2192 1270 non
2223 1220 2655 1291 quaeruntnum
2680 1215 2805 1294 ipse
2827 1214 2905 1275 sit
2927 1214 3217 1282 Christus,
3250 1210 3375 1273 sed:
3411 1236 3431 1265 «ς
3468 1212 3555 1273 Tu
3583 1212 3715 1291 quis

2074 1298 2167 1361 es?
2205 1326 2225 1355 ο
2264 1303 2431 1380 quasi
2449 1303 2888 1381 dicentes,Quis
2916 1322 2980 1363 es
3005 1302 3197 1382 tu,qui
3220 1300 3333 1362 tale
3355 1318 3504 1380 opus
3522 1308 3714 1361 atten-

2074 1396 2181 1466 tas,
2217 1388 2522 1466 haptizans
2566 1400 2623 1452 et
2660 1391 2978 1469 puriﬁcans
3014 1389 3415 1452 conﬁtentes?
3473 1387 3711 1449 Etenim

2073 1494 2264 1556 neque
2285 1480 2570 1540 Joannem
2603 1480 2756 1559 apud
2781 1480 2992 1540 multos
3013 1476 3353 1558 proCltristo
3385 1476 3589 1539 haberi
3605 1476 3712 1540 Ju-

2073 1563 2183 1625 daai
2218 1567 2361 1627 mihi
2392 1568 2540 1628 velle
2576 1570 2868 1640 videntur,
2905 1569 3009 1629 sed
3049 1587 3119 1629 ex
3179 1567 3362 1627 livore
3389 1576 3447 1626 et
3492 1566 3711 1628 invidia

2070 1654 2436 1734 interrogare
2457 1676 2615 1737 eum,
2657 1684 2680 1714 ‹‹
2714 1657 2800 1718 Τυ
2832 1658 2963 1738 quis
2996 1676 3059 1718 es
3088 1656 3113 1719 '!
3170 1681 3195 1710 ν
3231 1654 3481 1717 Maxime
3534 1654 3714 1734 igitur

2076 1742 2371 1805 maledicti
2400 1744 2680 1818 Judaei,et
2708 1764 2843 1808 vere
2874 1744 3184 1825 progenies
3209 1744 3571 1822 viperarum,
3606 1748 3706 1823 qui

308 1838 552 1911 τθῶσιν,
598 1839 1056 1918 ἀγνωμονοῦντες,
1105 1830 1269 1906 ὅντως
1318 1842 1629 1918 γεννήματα
1683 1840 1911 1921 ἐχιδνῶν
1940 1843 1978 1898 oi

2067 1830 2354 1893 Joannem
2388 1834 2624 1913 quidem
2678 1833 3064 1914 baptizantem
3094 1840 3497 1911 acceperunt:
3542 1842 3709 1912 post-

307 1921 354 1981 Ἰ
365 1924 609 1989 ουδαϊοι.

418 2038 449 2069 σ
481 2013 767 2095 Ἀπεκρίθη
823 2021 1006 2081 αὑτοῖς
1052 2019 1080 2074 6
1116 2017 1369 2085 Ἰωάννης
1424 2017 1596 2096 λέγων
1627 2035 1642 2050 ⁸
1706 2016 1850 2098 Ἐγὼ
1886 2021 1987 2096 βα-

316 2104 500 2174 πτίζω
547 2104 602 2160 ἐν
657 2104 803 2162 ὕδατι
841 2123 855 2139 ⁶
912 2105 1075 2180 μέσος
1131 2106 1187 2161 δὲ
1236 2107 1385 2181 ὑμῶν
1444 2105 1691 2180 ἕστηκεν,
1742 2108 1802 2163 ὃν
1829 2108 1987 2184 ὑμεῖς

315 2194 425 2248 οὒκ
469 2191 649 2250 οἴδατε
686 2210 701 2225 ⁸
761 2194 919 2257 αὑτός
970 2195 1111 2251 ἐστιν
1161 2197 1189 2251 6
1232 2194 1403 2251 ὀπίσω
1445 2218 1547 2269 μου
1577 2195 1895 2276 ἐρχόμενος,
1928 2199 1986 2262 ὃς

320 2279 626 2359 ἔμπροσθέν
685 2305 789 2357 μου
845 2282 1089 2363 γέγονεν,
1125 2285 1184 2341 οὗ
1234 2285 1329 2340 οὑκ
1385 2286 1490 2341 εἰμὶ
1522 2282 1686 2353 ἄξιος,
1721 2286 1814 2341 ’ίνα
1843 2284 1987 2345 λύσω

320 2372 489 2427 αὖτοῦ
525 2372 615 2427 τὸν
657 2373 849 2446 ἱμάντα
878 2378 971 2427 τοῦ
1000 2370 1366 2448 ὑποδήματος.
1396 2397 1424 2428 ι
1457 2372 1582 2430 ’Ἴδε
1612 2376 1701 2431 καὶ
1727 2375 1826 2442 τήν
1856 2398 1980 2455 πρα-

323 2461 504 2527 ότητα
546 2468 639 2518 τοῦ
668 2464 847 2538 ἁγιου,
878 2462 971 2518 καὶ
1000 2462 1099 2528 τὴν
1130 2461 1381 2532 ἀλήθειαν
1415 2510 1431 2538 ,
1460 2464 1560 2531 τήν
1609 2466 1727 2544 μὲν,
1761 2463 1843 2521 ὅτι
1889 2470 1985 2525 οὑ-

326 2546 421 2604 δὲν
478 2552 609 2628 πρὸς
668 2551 853 2612 αὐτοὺς
885 2551 1058 2629 τραχὺ
1083 2551 1389 2629 φθέγγεται,
1440 2554 1615 2611 καίτοι
1657 2554 1985 2634 ἐπηρεαστὰς

323 2636 489 2703 ὄντας
524 2659 539 2673 ·
600 2641 697 2708 τήν
756 2636 809 2695 δὲ
868 2638 1141 2713 ἀλήθειαν,
1201 2640 1282 2697 ὅτι
1341 2642 1542 2722 μάρτυς
1594 2646 1705 2701 ἐστι
1751 2650 1851 2711 τῆς
1894 2653 1987 2702 τοῦ

322 2734 554 2806 Χριστοῦ
608 2726 763 2794 δόξης
822 2727 1267 2807 εὒπαῤῥησίαστος
1305 2748 1323 2765 ⁶
1367 2733 1455 2787 καὶ
1505 2733 1598 2788 οὐκ
1642 2732 1982 2813 ἀποκρύπτε-

329 2838 417 2871 ται
489 2816 587 2883 τήν
658 2814 809 2881 δόξαν
880 2823 970 2873 τοῦ
1036 2824 1242 2895 Κυρίου,
1308 2818 1477 2893 ἐαυτῷ
1545 2822 1982 2897 περιποιούμενος

325 2905 595 2984 εὔκλειαν,
642 2904 763 2961 ἀλλ’
809 2906 1092 2982 ὁμολογεῖ,
1128 2904 1207 2962 ὅτι
1265 2906 1411 2985 Ἐγὼ
1469 2908 1566 2983 μὲν
1608 2910 1845 2985 βαπτίζω
1889 2915 1981 2970 εὑ·-

332 2992 488 3058 τελὶς
542 2994 819 3071 βάπτισμα
853 3013 864 3026 °
935 2994 989 3049 ἐν
1042 2993 1189 3051 ὕδατι
1248 2996 1348 3075 γὰρ
1406 2998 1576 3071 μόνῳ,
1649 2998 1742 3056 οὑκ
1800 2998 1982 3077 ἄφεσιν

328 3083 604 3159 ἁμαρτιῶν
660 3081 871 3162 ἔχοντι,
930 3081 1065 3138 ἀλλᾶ
1150 3087 1734 3162 προσπαρασκευάζοντι
1792 3090 1866 3152 εἰς
1922 3090 1982 3145 τὸ

325 3167 564 3233 δέξασθαι
618 3172 679 3227 τὸ
762 3172 1117 3247 πνευματικὸν
1167 3173 1464 3249 βάπτισμα,
1525 3177 1585 3231 τὸ
1634 3176 1733 3242 τήν
1800 3175 1981 3255 ἄφεσιν

2068 1939 2242 2001 quam
2274 1932 2469 1983 autem
2506 1922 2782 2003 baptizati
2814 1932 2971 1995 sunt,
3007 1922 3218 2001 ingrati
3250 1921 3515 1983 fuerunt.

2147 2008 2919 2092 Vens.26.27.«Respondit
2943 2012 3032 2073 eis
3049 2010 3704 2090 Joannes,dicenszEgo

2068 2098 2297 2179 baptizo
2331 2103 2387 2161 in
2419 2120 2569 2181 aqua
2602 2120 2614 2163 :
2651 2102 2755 2164 sed
2781 2101 3009 2163 medius
3040 2109 3294 2162 vestrum
3336 2108 3472 2173 stat,
3524 2119 3703 2179 quem

2070 2206 2169 2248 vos
2203 2189 2444 2250 nescitis
2476 2208 2488 2252 :
2542 2191 2670 2270 ipse
2718 2199 2804 2252 est
2856 2190 2960 2272 qui
2992 2197 3121 2268 post
3153 2207 3246 2249 me
3274 2197 3557 2249 venturus
3587 2199 3699 2259 est,

2068 2277 2166 2356 qui
2197 2286 2334 2338 ante
2367 2297 2461 2339 me
2492 2280 2675 2343 factus
2705 2288 2815 2353 est,
2841 2281 3016 2358 cujus
3039 2296 3146 2357 ego
3181 2296 3299 2339 non
3326 2296 3456 2338 sum
3485 2277 3702 2356 dignus

2069 2373 2130 2427 ut
2156 2367 2374 2427 solvam
2400 2368 2528 2447 ejus
2559 2368 2872 2447 corrigiam
2933 2368 3340 2431 calceamenti.
3380 2393 3406 2422 ι)
3445 2367 3588 2428 Vide
3648 2377 3705 2428 et

2070 2457 2581 2519 mansuetudinem
2616 2467 2673 2519 et
2701 2458 3006 2520 veritatem
3034 2458 3239 2519 sancti.
3296 2455 3701 2520 Mansuetudi-

2068 2563 2200 2606 nem
2234 2545 2574 2625 quidemmu
2608 2548 2759 2623 quod
2789 2547 2935 2608 nihil
2965 2566 3241 2627 asperum
3276 2546 3346 2607 ad
3385 2565 3485 2608 eos
3515 2546 3702 2627 loqui-

2066 2643 2181 2709 tur,
2214 2635 2480 2712 quamvis
2513 2637 2834 2699 insolentes
2872 2647 3090 2699 essent.
3130 2637 3443 2698 Veritatem
3468 2643 3695 2709 autem,

2064 2724 2199 2803 quia
2221 2723 2562 2785 liberrimus
2583 2728 2748 2787 testis
2773 2735 2898 2787 erat
2919 2725 3566 2805 glorizeChristi,neque
3582 2725 3698 2785 Do-

2068 2811 2468 2889 minigloriam
2483 2814 2805 2875 occultabat
2821 2824 2905 2894 ,ut
2925 2816 3036 2876 sibi
3058 2815 3422 2876 nobilitatem
3438 2834 3508 2893 pa
3520 2826 3697 2888 reret,

2066 2900 2167 2961 sed
2194 2902 2589 2963 conﬁtebatur
2622 2924 2635 2961 :
2670 2903 2792 2965 Eizo
2821 2905 3057 2983 quidem
3099 2903 3323 2982 baptizo
3358 2903 3698 2981 imperfecto

2068 2987 2381 3066 baptismo:
2419 3010 2550 3050 nam
2577 2990 2633 3050 in
2662 2990 2785 3051 sola
2805 3010 3102 3071 aqua,non
3136 2991 3391 3051 habente
3423 2998 3695 3069 peccato-

2063 3096 2192 3138 rum
2212 3077 2757 3152 remissionem,sed
2779 3079 3228 3160 praeparantead
3254 3078 3696 3158 suscipiendum

2064 3165 2365 3246 spirituale
2398 3167 2878 3249 baptisma.quod
2902 3168 3081 3230 donat
3112 3168 3523 3229 remissionem
3553 3187 3694 3247 pec-

328 3265 436 3313 τῶν
485 3259 756 3337 ἁμαρτιῶν
809 3258 1160 3339 δωρούμενον.
1210 3283 1235 3322 ε
1292 3262 1462 3327 Μέσος
1506 3261 1560 3319 δὲ
1606 3266 1750 3340 ὑμῶν
1808 3266 1976 3334 ’ἑστη-

2064 3261 2349 3318 catorum.
2395 3279 2413 3305 ι
2446 3257 2677 3319 Medius
2698 3266 2891 3320 autem
2937 3266 3195 3319 vestrum
3221 3266 3349 3319 stat.
3387 3277 3564 3332 quem
3600 3277 3699 3319 vos

329 3368 443 3419 κεν,
504 3349 561 3404 ὃν
614 3350 770 3421 ὑμεῖς
827 3349 923 3406 οὑκ
975 3347 1155 3407 οἴδατε
1189 3367 1203 3381 ⁸
1238 3370 1269 3410 )
1307 3352 1733 3430 ἆναμεμιγμένος
1765 3356 1865 3433 γὰρ
1893 3362 1970 3430 τῷ

2064 3344 2359 3406 nescitis.»
2388 3348 2531 3407 Nam
2562 3348 2845 3409 Dominus
2874 3348 3236 3408 multitudini
3258 3367 3322 3407 se
3346 3349 3700 3425 miscuerat,

329 3436 518 3506 πλήθει
550 3439 577 3493 6
609 3436 823 3517 Κύριος,
855 3439 1105 3517 ἠγνοεῖτο
1134 3462 1213 3504 τις
1258 3439 1347 3508 εἴη
1378 3443 1467 3499 καὶ
1515 3443 1691 3502 πόθεν.
1728 3446 1884 3524 Τάχα
1924 3443 1969 3502 δ’

328 3530 390 3583 ἄν
425 3552 505 3594 τις
556 3530 728 3610 εἴποι,
780 3532 859 3587 ὅτι
909 3534 996 3588 καὶ
1032 3532 1151 3591 κατ’
1181 3532 1342 3591 ἄλλον
1374 3535 1568 3613 τρόπον
1596 3536 1758 3611 μέσος
1786 3536 1974 3595 ἵστατο

327 3626 433 3674 τῶν
477 3621 781 3697 Φαρισαίων
827 3624 854 3678 6
898 3622 1110 3699 Κύριος,
1158 3621 1279 3680 ἀλλ’
1322 3623 1549 3701 ἠγνόουν
1597 3626 1773 3685 αὐτόν.
1830 3624 1979 3685 Ἐπεὶ

328 3709 426 3784 γὰρ
486 3710 630 3765 αὐτοὶ
660 3710 776 3788 τὰς.
800 3712 1007 3791 Γραφὰς
1052 3709 1265 3768 ἐδόκουν
1319 3712 1632 3787 ὶκμελετᾷν,
1666 3714 1720 3770 ἐν
1762 3713 1819 3771 δὲ
1847 3717 1978 3772 ταύ-

330 3817 453 3860 ταις
509 3796 910 3875 κατηγγέλλετο
962 3800 990 3853 6
1038 3804 1247 3878 Κύριος,
1295 3800 1457 3871 μέσος
1502 3802 1672 3860 αὐτῶν
1722 3807 1810 3876 ἦν,
1853 3825 1980 3861 του-

327 3884 521 3957 τέστιν,
573 3888 630 3941 ἓν
679 3900 802 3949 ταῖς
858 3886 1093 3967 καρδίαις
1150 3890 1344 3962 αὑτῶν,
1382 3889 1502 3947 ἀλλ’
1540 3889 1767 3969 ἠγνόουν
1796 3893 1976 3967 αὑτὸν,

325 3974 419 4030 οἶα
479 3975 557 4049 μή
602 3978 844 4041 νοοῦντες
875 3977 970 4041 τὰς
1002 3979 1235 4057 Γραφὰς,
1287 3980 1332 4034 εἰ
1379 3980 1469 4035 καὶ
1496 3978 1551 4034 ἐν
1590 3994 1714 4045 ταῖς
1744 3980 1977 4059 καρδίαις

326 4064 517 4127 ταύτας
578 4065 763 4145 εἶχον,
827 4068 913 4136 Μή
964 4088 1094 4124 ποτε
1153 4066 1207 4123 δὲ
1263 4068 1351 4124 καὶ
1391 4069 1521 4125 καθὸ
1578 4071 1797 4143 μεσίτης
1848 4077 1979 4129 Θεοῦ

329 4153 414 4206 καὶ
457 4152 747 4229 ἀνθρώπων
776 4154 843 4221 ἠν
883 4157 911 4211 6
962 4156 1177 4232 Κύριος,
1237 4154 1400 4231 μέσος
1446 4156 1638 4214 ’ἕστατο
1694 4164 1800 4215 τῶν
1855 4166 1976 4216 Φα-

326 4240 564 4319 ρισαίων,
631 4240 1063 4309 ἀποκαταλλάξαι
1122 4243 1289 4301 θέλων
1344 4246 1529 4309 αὐτοὺς
1574 4252 1650 4321 τῷ
1681 4254 1819 4320 Θεῷ,
1854 4241 1977 4303 ἀλλ’

325 4329 547 4407 ἠγνόουν
604 4332 782 4391 αὐτόν.
843 4339 1096 4412 Συνεχῶς
1146 4332 1202 4390 δὲ
1248 4337 1419 4401 τίθησι
1463 4336 1526 4390 τό
1560 4354 1573 4369 ⁶
1641 4356 1664 4392 ε
1716 4326 1772 4394 Ὀ
1803 4338 1971 4395 ὀπίσω

325 4441 422 4491 μου
456 4421 750 4499 ἐρχόμενος
777 4436 792 4451 ⁸
834 4444 857 4478 ι
893 4420 1166 4498 δεικνύων,
1197 4424 1277 4480 ὅτι
1308 4426 1368 4481 οὑ
1395 4423 1733 4482 τελειωτικόν
1765 4427 1877 4483 ἐστι
1906 4430 1969 4486 τὸ

2056 3442 2113 3495 et
2143 3434 2523 3512 ignorabatur
2548 3438 2678 3516 quis
2709 3447 2864 3499 esset
2893 3448 2949 3499 et
2976 3438 3156 3501 unde.
3187 3438 3473 3500 Fortassis
3498 3448 3693 3504 autem

2058 3523 2347 3603 quispiam
2382 3525 2595 3586 dixerit
2628 3529 2862 3607 quodet
2892 3530 3006 3589 alio
3041 3527 3213 3587 modo
3250 3528 3480 3589 medius
3510 3539 3693 3592 stete-

2061 3613 2137 3672 rit
2168 3613 2323 3674 inter
2354 3616 2679 3685 Pliariszeos
2710 3619 3015 3685 Dominus,
3045 3618 3149 3678 sed
3184 3618 3507 3696 ignorarint
3531 3638 3692 3683 eum.

2062 3701 2208 3774 Quia
2238 3704 2394 3764 enim
2428 3705 2779 3767 videbantur
2809 3705 3140 3787 Scripturas
3170 3706 3444 3769 edicisse.
3478 3709 3695 3788 quibus

2061 3795 2443 3854 annuutia‘us
2466 3794 2571 3855 fuit
2604 3795 2910 3867 Dominus,
2950 3796 3180 3857 medius
3212 3796 3319 3857 fuit
3366 3797 3521 3857 inter
3565 3816 3691 3878 eos,

2063 3887 2175 3947 huc
2203 3895 2312 3957 est,
2343 3887 2399 3946 in
2436 3887 2715 3949 cordibus
2745 3907 2986 3951 eorum:
3014 3889 3116 3949 sed
3148 3889 3501 3965 ignorabant
3531 3910 3691 3959 eum,

2065 3984 2336 4056 tanquam
2395 3996 2511 4036 non
2565 3977 2958 4055 intelligentes
3018 3977 3374 4058 Scripturas,
3430 3980 3695 4057 quamvis

2062 4064 2340 4125 cordibus
2368 4064 2495 4125 illas
2526 4076 2814 4130 tenerent.
2848 4067 3133 4127 Fortassis
3162 4079 3360 4129 autem
3394 4077 3449 4128 et
3472 4087 3692 4130 secun-

2059 4153 2197 4213 dum
2230 4154 2382 4232 quod
2411 4154 2697 4216 mediator
2744 4157 2847 4218 Dei
2878 4167 2935 4215 et
2968 4156 3274 4216 hominum
3341 4157 3448 4216 fuit
3498 4156 3696 4217 Domi-

2060 4260 2193 4320 nus,
2229 4242 2458 4303 medius
2485 4244 2638 4307 stetit
2675 4245 3189 4321 interl’harismos,
3218 4245 3535 4305 conciliare
3559 4246 3694 4307 illos

2053 4329 2255 4391 volens
2285 4331 2426 4405 Deo,
2463 4333 2563 4391 sed
2600 4332 2947 4409 ignorabant
2977 4353 3134 4394 eum.
3172 4335 3459 4395 Continue
3495 4344 3690 4396 autem

2055 4420 2219 4499 ponit
2249 4421 2360 4481 hoc
2396 4443 2407 4477 :
2450 4448 2472 4475 ιι
2511 4422 2619 4493 Qui
2655 4431 2782 4501 post
2818 4442 2910 4483 me
2942 4432 3225 4483 venturus
3251 4433 3377 4483 est:
3418 4449 3443 4478 η
3486 4432 3690 4483 osten-

328 4508 480 4564 αὑτοῦ
535 4510 833 4590 βάπτισμα,
893 4510 1029 4567 ἀλλὰ
1075 4511 1551 4592 προοδοποιητικον
1592 4521 1686 4571 τοῦ
1719 4537 1966 4591 πνευμα-

2064 4510 2200 4570 iens
2229 4510 2385 4589 quod
2420 4528 2611 4591 neque
2644 4512 2965 4590 perfectum
3018 4529 3189 4570 suum
3244 4512 3318 4571 sit
3378 4512 3688 4589 baptisma,

323 4603 464 4652 τικοῦ
493 4597 882 4673 βαπτίσματος.
943 4602 1015 4658 Τὸ
1069 4599 1148 4680 δὲ,
1199 4624 1226 4655 ε
1258 4600 1611 4679 ⁹¹Εμπροσθέν
1641 4625 1745 4678 μου
1799 4603 1967 4682 γέγο-

323 4706 426 4759 νεν,
462 4708 489 4739 ι
520 4685 632 4743 ἀντὶ
662 4693 778 4759 τοῦ,
827 4687 1186 4767 ἐντιμότερος,
1244 4688 1588 4770 ἐνδοξότερος,
1640 4694 1729 4749 καὶ
1785 4700 1975 4751 τοσοῦ-

320 4794 424 4846 τον,
489 4774 626 4831 ὥστε
676 4774 791 4833 οὑδὲ
837 4778 892 4832 ὲν
934 4791 1055 4843 τοῖς
1102 4779 1354 4860 ἐσχάτοις
1402 4786 1506 4836 τῶν
1567 4784 1727 4841 αὑτοῦ
1767 4779 1969 4841 δούλων

325 4866 758 4942 καταριθμεῖσθαί
813 4887 879 4941 με
912 4884 930 4901 ο
999 4869 1062 4923 τὸ
1118 4870 1219 4947 γὰρ
1269 4866 1413 4925 λύειν
1460 4870 1522 4925 τὸ
1577 4867 1829 4944 ὑπόδημα
1870 4877 1968 4939 τῆς

321 4949 554 5031 ἐσχάτης
596 4950 865 5015 διακονίας
888 4954 1051 5016 ἐστιν.
1082 4955 1221 5014 Οἶδα
1250 4955 1304 5012 δὲ
1355 4957 1501 5031 παρά
1530 4978 1633 5013 τινι
1663 4964 1773 5013 τῶν
1803 4960 1968 5038 ἁγίων

322 5041 562 5107 τοιαύτην
617 5040 874 5119 ἀναγνοὺς
931 5042 1183 5122 ἐξήγησιν
1218 5060 1231 5075 ⁸
1290 5047 1360 5103 Τὸ
1433 5044 1684 5121 ὑπόδημα
1744 5049 1817 5112 εἰς
1865 5052 1965 5117 τήν

322 5134 417 5184 τῶν
476 5129 806 5208 ἁμαρτωλῶν
849 5132 1038 5213 σάρκα,
1088 5135 1171 5189 καὶ
1233 5137 1301 5211 τῇ
1361 5137 1525 5215 φθορᾷ
1578 5136 1959 5213 ὑποκειμένην,

321 5215 634 5294 λαμϐάνεται
693 5221 996 5301 πανταχοῦ·
1052 5224 1080 5278 6
1138 5221 1193 5279 δὲ
1240 5224 1389 5298 ἱμὰς,
1436 5222 1555 5290 ἤτοι
1594 5225 1621 5279 6
1664 5222 1861 5302 λῶρος,
1893 5227 1965 5289 εἷς

317 5308 394 5362 τὸν
452 5305 647 5382 δεσμὸν
702 5314 809 5364 τῶν
866 5311 1161 5386 ἁμαρτιῶν.
1242 5303 1299 5372 ιΟ
1371 5314 1541 5370 τοίνυν
1601 5313 1853 5381 Ἰωάννης
1912 5315 1967 5371 ἐν

322 5398 411 5470 μὲν
467 5410 585 5461 τοῖς
644 5397 849 5472 ἄλλοις,
899 5413 1014 5465 τοῖς
1068 5400 1501 5483 ἐκπορευομένοις
1532 5404 1662 5480 πρὸς
1695 5404 1851 5461 αὑτὸν
1880 5398 1969 5462 καὶ

315 5484 832 5565 ἔξομολογουμένοις,
893 5488 1056 5571 ἴσχυε
1107 5490 1247 5549 λύειν
1295 5494 1387 5549 τὸν
1414 5488 1611 5567 ἱμάντά
1636 5496 1744 5548 τῶν
1785 5495 1967 5573 ἆμαρ-

319 5579 432 5629 τιῶν
469 5594 479 5607 ·
534 5590 741 5656 σειραῖς
785 5579 885 5659 γὰρ
929 5586 1036 5636 τῶν
1081 5583 1287 5639 οἰκείων
1346 5583 1619 5661 ἁμαρτιῶν
1662 5583 1965 5661 σφιγγόμε-

319 5687 383 5718 νοι
417 5663 709 5747 ἐξήρχοντο
763 5670 890 5747 πρὸς
920 5671 1078 5729 αὐτόν
1108 5688 1148 5733 ⁸.
1171 5671 1257 5741 καὶ
1310 5669 1413 5728 διὰ.
1437 5677 1527 5733 τοῦ
1570 5671 1639 5734 εἷς
1686 5673 1965 5746 μετάνοιαν

1988 4579 2033 4630 D

2054 4598 2156 4660 sed
2233 4606 2452 4659 tantum
2516 4599 2789 4679 praevium
2874 4600 2944 4659 ad
3006 4598 3311 4677 spirituale
3374 4598 3689 4677 baptisma.

2061 4708 2087 4745 ‹
2121 4690 2277 4749 Ante
2310 4705 2402 4748 me
2432 4689 2617 4747 factus
2648 4696 2759 4761 est,
2802 4714 2822 4741 ι)
2862 4689 2972 4748 hoc
3022 4698 3129 4759 est,
3165 4687 3400 4766 dignior
3449 4694 3509 4751 et
3559 4689 3691 4766 glo-

2052 4776 2286 4845 riosior,
2323 4777 2380 4836 in
2415 4784 2637 4836 tantum
2670 4786 2731 4837 ut
2763 4796 2869 4855 ego
2895 4796 2989 4837 me
3016 4777 3350 4843 nonausim
3377 4793 3693 4838 numerare

2051 4866 2140 4928 vel
2170 4865 2230 4927 in
2262 4865 2487 4927 ultimis
2518 4867 2647 4943 ejus
2687 4866 2895 4938 servis,
2940 4864 3181 4928 Solvere
3212 4865 3371 4925 enim
3424 4865 3688 4926 calceum

2052 4957 2295 5016 extremi
2330 4954 2643 5015 ministerii
2673 4964 2781 5017 est.
2819 4954 2946 5016 Scio
2969 4965 3163 5015 autem
3201 4974 3293 5015 me
3323 4956 3477 5034 apud
3511 4972 3688 5015 sanc—

2051 5052 2239 5105 torum
2267 5044 2581 5123 quemdam
2607 5044 2781 5104 ctiam
2818 5046 2965 5105 hanc
2991 5043 3208 5120 legisse
3234 5043 3685 5123 expositionem:

2051 5132 2292 5194 Calceus
2325 5151 2565 5211 semper
2594 5134 2847 5193 sumitur
2895 5134 2965 5193 ad
2997 5134 3389 5213 peccatricem
3423 5151 3688 5208 c-rnem,

2050 5231 2106 5282 et
2135 5221 2502 5299 corruptioni
2539 5221 2832 5282 subditam
2872 5242 2885 5284 :
2921 5222 3173 5300 corrigia
3201 5228 3397 5282 autem
3434 5230 3495 5282 ut
3554 5223 3688 5284 vin-

2051 5311 2248 5372 culum
2277 5318 2652 5390 peccaturum
2707 5309 2888 5389 Igitur
2916 5314 3180 5372 Joannes
3200 5310 3259 5371 in
3289 5311 3422 5371 aliis
3449 5311 3687 5391 quidem

2052 5400 2151 5480 qui
2180 5399 2251 5461 ad
2280 5418 2344 5461 se
2379 5399 2832 5477 egrediebantur
2864 5410 2919 5458 et
2970 5399 3425 5474 confitebantur,
3462 5408 3692 5480 poterat

2051 5491 2285 5553 solvere
2340 5487 2650 5566 corrigiam
2705 5497 3106 5568 peccatorum.
3182 5486 3449 5550 Vinculis
3532 5488 3690 5551 enim

2048 5597 2290 5640 suorum
2340 5588 2714 5656 peccatorum
2774 5575 3079 5638 constricti
3136 5576 3208 5636 ad
3265 5577 3459 5657 ipsum
3494 5595 3690 5657 Aegre-

2049 5666 2382 5745 diebantur.
2422 5664 2486 5726 Et
2522 5684 2625 5745 per
2656 5666 2769 5726 hoc
2802 5666 2955 5745 quod
2990 5665 3232 5728 vocabat
3260 5668 3400 5727 595
3456 5686 3556 5730 eos
3618 5668 3691 5729 ad
