4140 6280
217 306 442 371 1173

1020 317 1462 380 ENABRATIO
1509 318 1589 380 IN
1638 310 2141 409 EVANGELIUM
2186 317 2528 381 JOANNIS.
2581 350 2652 363 —
2684 319 2849 381 CAP.
2902 322 2950 381 Ι.

3542 307 3694 376 1174

214 441 459 515 ἡμῶν.
518 444 625 501 03/.
666 447 795 502 εἷπε
850 444 928 526 δὲ,
989 446 1173 526 ὁὲρας
1226 451 1325 515 τὴν
1368 450 1652 528 ἁμαρτίαν,
1683 447 1823 523 ἀλλ’,
1866 466 1935 501 «ι

2034 443 2096 504 in
2130 449 2405 526 praesenti
2439 459 2681 530 peccata
2731 458 2952 514 nostra.
3002 451 3283 524 Quotidie
3323 451 3467 513 524
3520 451 3679 513 enim

224 530 450 608 αἴρων
480 549 494 561 ·
561 555 587 589 ιι
653 533 771 590 καθ’
843 536 1081 602 ἑκάστην
1144 537 1243 614 γὰρ
1325 536 1467 614 αἴρει
1536 537 1632 603 τοίς
1690 537 1945 616 ἁμαρτίας

220 619 461 692 ἡμῶν,
528 622 621 685 τὰς
695 623 793 698 μὲν
851 622 937 679 διὰ
996 626 1089 680 τιοῦ
1144 626 1535 705 βαπτισματος,
1598 627 1691 690 τὰς
1746 625 1799 681 δὲ
1862 623 1945 681 διὰ

224 711 593 781 μετανοίας.
633 712 731 770 Καὶ
778 715 824 769 oi
876 713 973 783 μὲν
1026 714 1276 788 θυόμενοι
1316 715 1369 769 ἒν
1420 721 1488 791 τῇ
1518 713 1728 786 Παλαιᾷ
1762 715 1941 793 ἀμνοὶ,

218 797 493 864 οὐδενὸς
553 801 817 880 ἁμαρτίας
896 801 1172 866 παντελῶς
1254 800 1558 883 ἐξηφανιζον
1592 819 1606 833 ·
1683 804 1835 868 οὗτος
1892 802 1945 859 δὲ

222 896 341 944 τοῦ
432 889 633 965 κόσμου
686 892 885 955 παντὸς
944 891 1042 957 τὴν
1114 893 1371 966 ἁμαρτίαν
1451 890 1616 973 αἴρει,
1678 893 1944 950 τουτέστιν

227 975 541 1056 ἀφανίζει,
582 977 642 1036 ἐκ
670 978 834 1054 μέσου
865 992 1037 1042 ποιεῖ,
1071 980 1222 1044 τίνος
1279 979 1332 1037 δὲ
1377 980 1553 1039 ἕνεκεν
1599 984 1691 1038 οὒκ
1756 982 1939 1054 εἶπεν,

240 1065 549 1146 ἁμαρτίας
588 1083 601 1096 ⁸
665 1066 809 1142 ἀλλ’,
879 1091 905 1122 σ
948 1069 1257 1149 ἁμαρτίαν;
1317 1093 1341 1125 ιι
1390 1071 1547 1150 Τάχα
1593 1071 1690 1142 μὶν
1746 1072 1831 1127 καὶ
1860 1068 1944 1126 διὰ

242 1162 363 1211 τοῦ
441 1176 464 1211 ιι
502 1156 787 1235 ἁμαρτίαν,
830 1178 854 1213 ι
918 1159 1113 1236 εἰπεῖν,
1173 1158 1465 1221 καθολικῶς
1526 1159 1705 1237 εἶπεν,
1765 1158 1943 1235 ὥσπερ

252 1244 547 1321 εὶώθαμεν
589 1244 787 1324 λέγειν,
835 1246 914 1303 ὅτι
967 1245 1175 1313 ἀπέστη
1243 1248 1271 1303 ὁ
1331 1245 1623 1326 ἅνθρωπος,
1672 1246 1783 1302 ἀντὶ
1827 1256 1939 1322 τοῦ,

254 1332 431 1390 πᾶσα
484 1335 518 1403 ἡ
550 1334 893 1413 ἀνθρωπότης
956 1336 1063 1391 ἀπὸ
1121 1343 1252 1393 Θεοῦ
1286 1355 1300 1370 ⁸
1362 1334 1528 1399 οὕτως
1561 1336 1649 1393 οὖν
1679 1337 1943 1392 κάνταῦθα

257 1425 379 1489 τὴν
442 1424 702 1502 ἁμαρτίαν
734 1426 920 1501 εἰπὼν,
966 1425 1140 1489 πάσας
1185 1425 1278 1489 τὰς
1336 1425 1594 1503 ἁμαρτίας
1623 1421 1890 1494 ὶδήλωσεν
1926 1442 1936 1453 '

260 1512 432 1592 τάχα
475 1510 552 1587 δὲ,
613 1512 726 1569 ἐπεὶ
771 1514 1107 1589 παρακούσας
1139 1514 1166 1569 ὀ
1218 1512 1489 1592 ἅνθρωπος
1538 1520 1633 1571 τοῦ
1665 1521 1823 1588 Θεοῦ,
1869 1514 1940 1575 εἰς

258 1600 337 1655 τὰ
408 1602 552 1669 πάθη
613 1600 1059 1682 ἐξετραχηλίσθη,
1116 1604 1150 1671 ἡ
1209 1604 1437 1683 ἁμαρτία
1493 1613 1586 1662 τοῦ
1651 1611 1854 1677 κόσμου
1907 1602 1941 1668 ἠ

259 1694 531 1769 παρακοὴ
587 1692 678 1773 ἦν,
725 1692 790 1761 ἣν
834 1692 895 1747 ἐκ
952 1692 1116 1768 μέσου
1163 1693 1289 1769 ἧρεν
1338 1694 1365 1749 ὀ
1399 1692 1610 1771 Κύριος,
1657 1691 1943 1768 γενόμενος

257 1779 518 1848 ὑπήκοος
570 1780 731 1862 μέχρι
787 1783 1034 1862 θανάτου,
1096 1784 1183 1838 καὶ
1226 1784 1288 1839 τὸ
1341 1781 1574 1838 ἐναντίον
1603 1788 1681 1855 τῷ
1721 1781 1944 1846 ὶναντίῳ

262 1869 595 1945 ἰασάμενος.

365 1982 397 2012 α
433 1967 598 2024 Οὗτος
654 1960 763 2017 ἐστι
822 1963 939 2040 περὶ
998 1961 1056 2018 οὗ
1099 1961 1208 2040 ἐγὼ
1238 1965 1394 2018 εἶπον
1431 1977 1444 1991 ⁸
1479 1957 1684 2017 Ὀπίσω
1715 1981 1817 2034 μου
1848 1958 1936 2036 ἔρ-

269 2069 447 2126 χεται
491 2048 646 2120 ἀνὴρ,
706 2051 762 2115 ὃς
816 2048 1106 2129 ἔμπροσθέν
1165 2072 1267 2109 ιιου
1309 2049 1550 2128 γέγονεν,
1602 2045 1682 2103 ὅτι
1730 2053 1940 2123 πρῶτος

268 2159 386 2209 μου
438 2139 527 2206 ἦν.
560 2160 589 2198 ι
640 2139 807 2197 ’¹Ανω
840 2140 935 2215 μὲν
993 2154 1110 2202 τοῖς
1140 2140 1245 2195 ἀπὸ
1274 2141 1380 2194 τῶν
1427 2137 1727 2217 Φαρισαίων
1756 2134 1939 2193 ἐλθού-

272 2247 363 2280 σιν
413 2228 441 2283 ὀ
501 2226 754 2295 Ἰωάννης
786 2227 988 2309 ἔλεγεν,
1023 2226 1103 2286 ὅτι
1143 2253 1170 2284 α
1205 2228 1375 2291 Μέσος
1406 2228 1555 2304 ὑμῶν
1602 2225 1848 2292 ἕστηκεν,
1878 2226 1935 2281 ὃν

271 2316 440 2388 ὑμεῖς
500 2316 595 2373 οὐκ
650 2316 855 2393 οἴδατε,
905 2319 962 2382 ὃς
1020 2316 1313 2398 ἔμπροσθέν
1366 2339 1465 2391 μου
1517 2314 1726 2395 γέγονε·
1766 2338 1791 2370 ο
1848 2322 1934 2371 νῦν

276 2402 336 2459 δὲ
395 2408 482 2462 καὶ
553 2404 978 2464 δακτυλοδεικτεϊ
1053 2409 1234 2487 αὐτὸν,
1304 2408 1390 2462 καὶ
1481 2404 1744 2485 ἐμφανίζει
1816 2417 1931 2468 τοῖς

277 2493 585 2572 ἀγνοοῦσιν.
646 2503 807 2561 Οὕτος
860 2497 1066 2561 ἐκεῖνος
1123 2495 1233 2552 ἐστι
1287 2497 1404 2569 περὶ
1477 2502 1538 2552 οὖ
1590 2493 1930 2571 ἐμαρτύρουν,

278 2585 418 2659 φησὶ
480 2586 611 2663 πρὸς
670 2586 791 2650 τοὺς
848 2586 1190 2663 Φαρισαίους,
1246 2585 1324 2641 ὅτι
1363 2582 1654 2664 ἔμπροσθέν
1706 2604 1807 2658 μου
1836 2582 1930 2660 γέ-

279 2694 464 2748 γονεν,
525 2674 639 2731 ἀντὶ
682 2682 796 2748 τοῦ,
848 2674 1235 2754 ἐπισημότερός
1285 2696 1388 2749 μου
1445 2674 1531 2729 καὶ
1574 2671 1928 2750 ἐντιμότερος,

284 2764 441 2819 Διατί
477 2782 494 2843 ς
546 2782 575 2821 ε
611 2752 742 2821 “Ott
772 2771 978 2844 πρῶτος
1009 2786 1109 2839 μου
1142 2764 1230 2831 ἧν,
1262 2786 1285 2820 ιι
1322 2762 1562 2835 "Amos,
1593 2759 1807 2841 ”Αρειε,
1842 2764 1936 2819 οὒκ

281 2856 463 2925 εἶπεν,
512 2851 591 2909 ὅτι
652 2853 865 2932 Πρῶτός
910 2876 1012 2929 μου
1067 2855 1305 2932 ἒκτίσθη,
1365 2848 1486 2907 ἀλλ’
1551 2874 1577 2904 α
1616 2848 1697 2907 ὅτι
1753 2850 1841 2916 ἧν.
1902 2872 1926 2907 ι

284 2941 501 2999 ”Ᾱκουε
559 2944 665 3007 καὶ,
698 2944 732 3009 ἡ
776 2952 869 3000 τοῦ
926 2940 1283 3017 Σαμοτασέως
1340 2941 1552 3020 φατρία,
1584 2936 1663 2993 ὅτι
1696 2939 1788 2993 οὐκ
1827 2938 1931 2993 ἀπὸ

287 3032 485 3105 Μαρίας
518 3030 707 3109 ἤρξατο
737 3035 831 3089 τοῦ
886 3033 1027 3087 εἶναι
1085 3032 1111 3087 ὁ
1158 3030 1369 3110 Κύριος,
1425 3028 1563 3084 ἀλλᾶ
1609 3034 1816 3105 πρῶτος
1866 3026 1932 3093 ἧν

2030 533 2176 595 tollit
2208 546 2448 616 peccata
2480 548 2697 620 nostra,
2734 549 2791 602 et
2819 541 3070 604 aliorum
3109 541 3348 622 quidem
3384 560 3487 621 per
3519 540 3669 620 bap-

2029 622 2289 698 tismum,
2325 626 2577 688 aliorum
2600 638 2794 691 autem
2831 650 2937 709 per
2968 631 3410 707 paenitentiam.
3438 630 3506 691 Et
3535 631 3668 708 agni

2028 712 2265 792 quidem
2300 717 2397 796 qui
2453 716 2511 777 in
2541 719 2726 781 veteri
2760 719 2889 795 lege
2940 718 3418 792 immolabantur,
3451 718 3674 780 nullius

2030 812 2335 880 peccatum
2378 806 2619 867 omnino
2671 806 2983 869 aholebant
3027 829 3039 871 :
3096 809 3192 871 hic
3250 818 3445 870 autem
3499 807 3677 868 totius

2027 890 2232 951 mundi
2263 903 2567 971 peccatum
2604 895 2753 956 tollit
2808 915 2839 957 e
2897 897 3091 958 medio
3141 905 3199 958 et
3226 897 3445 959 abolet.
3482 896 3674 968 Quare

2027 986 2220 1039 autem
2250 999 2366 1041 non
2391 981 2559 1054 dixit,
2592 982 2865 1063 Peccata,
2901 985 3032 1064 sed,
3068 1011 3092 1041 ιι
3132 986 3510 1048 Peccatum?»
3540 988 3677 1046 For-

2030 1072 2183 1127 tasse
2208 1068 2447 1147 quidem
2477 1090 2580 1151 per
2609 1072 2719 1133 hoc
2750 1073 2904 1152 quod
2939 1073 3082 1135 dicit
3127 1082 3454 1154 peccatum,
3487 1075 3545 1142 in
3576 1093 3671 1152 ge-

2029 1174 2172 1217 nere
2201 1155 2347 1217 dixit
2381 1160 2542 1220 etde
2576 1161 2874 1223 omnibus.
2911 1160 3074 1224 Sicut
3122 1162 3279 1224 enim
3328 1164 3529 1224 dicere
3565 1182 3669 1223 so-

2027 1243 2216 1306 lemus
2247 1264 2260 1308 :
2286 1245 2513 1308 Defecit
2543 1249 2746 1329 homo,
2782 1251 2891 1312 hoc
2924 1260 3011 1312 est
3038 1252 3229 1312 omnis
3261 1251 3672 1331 humanitas,a

2026 1332 2147 1393 Deo
2186 1355 2197 1391 :
2238 1336 2312 1396 ita
2346 1344 2404 1397 et
2441 1338 2551 1398 hoc
2583 1337 2711 1399 loco
2739 1338 2944 1400 dicens
2981 1365 3000 1395 ‹
3042 1348 3372 1419 peccatum,
3411 1366 3436 1395 ι)
3475 1340 3675 1401 omnia

2027 1435 2264 1509 peccata
2299 1423 2668 1501 signiﬁcavit.
2696 1427 2987 1488 Fortassis
3020 1436 3239 1503 autem,
3270 1429 3408 1509 quia
3451 1427 3664 1490 inobe-

2027 1508 2197 1571 diens
2221 1511 2327 1572 fuit
2354 1514 2528 1573 homo
2562 1514 2704 1586 Deo,
2742 1524 2799 1575 et
2829 1517 2887 1575 in
2922 1516 3112 1578 varias
3141 1508 3485 1580 affectiones
3513 1516 3668 1578 inci-

2026 1597 2110 1658 dit
2144 1619 2157 1660 :
2194 1607 2494 1679 peccatum
2549 1603 2749 1663 mundi
2807 1604 3215 1666 inobedientia
3247 1605 3376 1679 fuit,
3410 1624 3590 1687 quam
3637 1624 3669 1666 ο

2030 1687 2228 1774 medio
2283 1688 2524 1751 abstulit
2599 1692 2907 1766 Dominus,
2942 1695 3126 1755 factus
3169 1693 3453 1755 obediens
3483 1713 3669 1774 usque

2027 1773 2096 1834 ad
2133 1784 2382 1837 mortem
2412 1778 2495 1858 56,
2531 1786 2589 1840 et
2611 1780 2970 1841 contrarium
3006 1782 3300 1842 contrario
3332 1800 3570 1843 sanans.

2109 1952 2289 2015 Vens.
2322 1956 2419 2019 30.
2463 1982 2489 2013 α
2524 1956 2632 2019 Hic
2656 1967 2744 2020 est
2766 1958 2842 2020 de
2873 1978 2986 2039 quo
3037 1977 3143 2038 ego
3180 1958 3449 2021 dicebam
3483 1980 3494 2021 :
3534 1962 3668 2022 Post

2025 2062 2120 2105 me
2151 2043 2316 2106 venit
2349 2045 2460 2115 vir,
2511 2047 2611 2126 qui
2641 2056 2776 2109 ante
2813 2068 2905 2110 me
2935 2048 3122 2110 factus
3171 2056 3279 2119 est,
3314 2049 3453 2125 quia
3504 2049 3666 2129 prior

2024 2150 2117 2192 me
2142 2145 2325 2195 erat.»
2372 2135 2659 2214 Superius
2681 2137 2916 2217 quidem
2945 2137 3017 2198 iis
3040 2137 3143 2218 qui
3168 2157 3200 2199 a
3226 2136 3537 2199 Pharisaais
3557 2157 3661 2199 ve-

2020 2230 2252 2301 nerant,
2284 2225 2545 2285 Joannes
2577 2225 2851 2288 dicebat:
2896 2251 2921 2280 σ
2958 2226 3188 2290 Medius
3237 2232 3490 2287 vestrum
3525 2235 3656 2299 stat,

2019 2329 2193 2389 quem
2230 2312 2490 2386 nescitis,
2527 2313 2626 2394 qui
2658 2323 2793 2376 ante
2826 2334 2921 2376 me
2946 2315 3132 2376 factus
3164 2325 3307 2376 estzn
3341 2334 3499 2376 nunc
3520 2334 3662 2376 vero

2020 2399 2194 2461 etiam
2228 2399 2412 2477 digito
2444 2403 2703 2464 ostendit
2729 2403 2983 2479 illum,et
3014 2403 3344 2465 manifestat
3377 2407 3659 2483 ignoran-

2019 2488 2195 2550 tibus.
2256 2489 2362 2552 Hic
2414 2500 2500 2551 est
2560 2493 2659 2554 ille
2708 2493 2782 2555 de
2838 2514 2953 2575 quo
3028 2493 3410 2565 testiﬁcabar,
3463 2492 3657 2573 inquit

2017 2578 2536 2659 Pharisaeishquod
2571 2590 2705 2643 ante
2766 2601 2858 2643 me
2906 2583 3091 2643 factus
3122 2583 3216 2655 sit,
3266 2582 3377 2643 hoc
3419 2590 3527 2662 est,
3564 2581 3660 2641 di-

2017 2667 2207 2746 gnior,
2244 2687 2335 2727 me
2368 2680 2423 2729 et
2452 2670 2755 2746 insignior.
2814 2670 3057 2742 Quare?
3092 2697 3117 2725 α
3155 2670 3302 2742 Quia
3350 2670 3510 2749 prior
3568 2690 3659 2731 me

2017 2765 2160 2816 erat.
2203 2784 2223 2810 η
2258 2757 2437 2837 Audi,
2470 2758 2727 2837 Ari,uon
2756 2759 3096 2833 dixit,[’_rior
3127 2778 3220 2819 me
3245 2759 3518 2820 conditus
3544 2769 3656 2829 est.

2016 2844 2144 2920 sed,
2187 2869 2213 2898 α
2251 2855 2394 2906 erat.
2427 2871 2452 2901 η
2492 2847 2645 2907 Audi
2673 2855 2731 2907 et
2767 2856 2847 2918 tu,
2874 2847 3042 2909 Pauli
3072 2847 3443 2907 Samosateni
3474 2860 3657 2927 secta,

2017 2932 2169 3012 quod
2197 2952 2313 2993 non
2345 2952 2376 2993 a
2405 2933 2578 2995 Maria
2615 2953 2744 2995 esse.
2777 2936 3021 3013 cmperit
3042 2934 3463 3013 Dominus,sed
3496 2934 3655 2995 Prae-

2017 3038 2258 3081 cursore
2291 3024 2448 3100 prior
2470 3021 2646 3082 fuerit
2673 3024 2998 3083 secundum
3043 3022 3428 3083 substantiam
3464 3042 3653 3097 suam,

279 3121 374 3172 τοῦ
435 3118 758 3197 Προδρόμου,
824 3120 955 3175 κατὰ
1010 3122 1107 3187 τὴν
1165 3122 1482 3198 προαιώνιον
1512 3114 1749 3191 ὕπαρξιν,
1783 3114 1931 3172 Ἐπεὶ

2023 3127 2189 3188 quam
2218 3118 2351 3170 ante
2378 3111 2591 3170 saecula
2616 3111 2841 3190 habuit,
2875 3113 3149 3191 quoniam
3175 3114 3246 3191 si,
3273 3111 3659 3191 quemadmo-

380 3255 395 3287 ,
450 3210 523 3270 ὡς
581 3211 734 3283 ὑμεῖς
794 3207 1105 3289 πλυαρεϊτε,
1150 3210 1255 3265 ἀπὸ
1299 3207 1501 3285 Μαρίας
1558 3204 1735 3284 ἀρχὴν
1781 3201 1936 3260 ἔλαϐε

282 3303 374 3353 τοῦ
425 3298 567 3353 εἶναι
612 3299 639 3355 ὀ
683 3299 889 3377 Κύριος,
926 3298 1043 3363 πῶς
1071 3297 1136 3366 ἧν
1188 3304 1397 3374 πρῶτος
1441 3302 1533 3352 τοῦ
1577 3290 1884 3373 Προδρόμου
1919 3306 1935 3367 ;

283 3385 449 3449 Οὗτος
495 3387 593 3464 γάρ
622 3409 701 3442 τοι
731 3384 1010 3459 προδήλως
1061 3385 1113 3451 ἓξ
1168 3387 1303 3462 μησὶ
1348 3396 1597 3464 προτερεῖ
1626 3389 1719 3438 τοῦ
1753 3382 1937 3459 Κυρίου

284 3476 420 3531 κατὰ
474 3476 573 3542 τὴν
631 3476 684 3531 ἐν
742 3478 892 3554 σαρκὶ
948 3475 1220 3555 γέννησιν,
1257 3472 1422 3553 ’Δνὴρ
1452 3472 1505 3529 δὲ
1539 3471 1749 3548 λέγεται
1778 3471 1805 3525 ὀ
1839 3471 1935 3528 Κό-

283 3550 429 3637 ριοςξ
451 3565 596 3644 τάχα
624 3564 720 3640 μὲν
762 3550 848 3621 καὶ
877 3550 974 3621 διὰ⁷
998 3566 1059 3621 τὰ
1116 3567 1217 3631 τῆς
1246 3550 1457 3633 ἡλικίας
1490 3561 1698 3619 τέλειον
1731 3578 1748 3595 ⁸
1783 3581 1935 3637 τρια-

284 3655 573 3721 κονταετὴς
622 3656 720 3732 γὰρ
763 3651 1082 3712 ἐϐαπτίσατο
1118 3672 1137 3691 ο
1193 3654 1340 3733 τάχα
1396 3651 1451 3707 δὲ
1510 3652 1596 3707 καὶ
1640 3648 1937 3733 ὡς-πάσης

283 3747 471 3823 ψυχῆς
527 3727 701 3823 ἀνὴρ,
745 3745 833 3800 καὶ
895 3744 992 3812 τῆς
1036 3727 1358 3810 Ἐκκλησίας
1387 3743 1634 3821 νυμφίος.
1672 3762 1700 3794 α
1733 3727 1937 3816 Ἠρμο-

283 3832 460 3905 σάμην
518 3833 639 3912 γὰρ,
700 3835 857 3913 φησὶν
902 3835 929 3889 6
974 3832 1202 3912 Παῦλος,
1260 3833 1395 3907 ὑμᾶς
1451 3830 1525 3886 ἐνὶ
1578 3827 1720 3907 ἀνδρὶ
1749 3848 1937 3903 παρα-

286 3928 497 3995 στῆσαι,
535 3946 562 3977 »
598 3929 673 3998 τῷ
706 3929 923 4003 Χριστῷ
952 3920 1178 3992 δηλαδή.
1214 3922 1384 3988 Φησὶν
1428 3922 1516 3976 οὗν
1547 3920 1574 3975 6
1608 3914 1937 3996 Πρόδρομος,

286 4008 365 4064 ὅτι
425 4010 566 4088 Ἐγὼ
624 4014 721 4087 μέν
765 4013 872 4087 εἶμι
927 4013 955 4068 6
1012 4011 1367 4093 νυμφαγωγὸς
1418 4010 1503 4066 Ααὶ
1556 4006 1883 4083 προξενητής
1918 4007 1931 4021 ’

284 4098 498 4179 ἔρχεται
554 4099 607 4156 δὲ
652 4102 822 4158 ὀπίσω
864 4123 966 4173 μου
1010 4104 1037 4158 6
1091 4102 1244 4181 ἀνήρ,
1295 4100 1439 4179 Ἐγὼ
1486 4099 1586 4178 γὰρ
1643 4094 1936 4181 ἐφέλκομαι

430 4190 613 4268 ψυχὰς
669 4192 799 4269 πρὸς
850 4191 947 4258 τὴν
1006 4192 1078 4254 εἷς
1138 4175 1622 4268 Χριστὸν-πίστινο
1672 4184 1828 4246 αύτὸς
1884 4175 1938 4239 δέ

288 4277 421 4333 ἐστιν
451 4281 479 4334 6
510 4280 666 4359 ἀνὴρ,
700 4280 727 4334 ὁ
756 4279 969 4342 ταύταις
1001 4278 1211 4355 μέλλων
1239 4278 1589 4357 ἁρμοσθῆναι.

281 3207 371 3261 ἐὰν

1108 4455 1147 4487 ἶ-.
1187 4472 1202 4487 ο
1264 4455 1380 4487 ων
1422 4455 1447 4487 '!

368 4481 389 4509 ι(
428 4456 586 4534 Κάγὼ
640 4460 734 4515 οὒκ
790 4456 937 4533 ᾔδειν
994 4455 1148 4516 αὖτόν
1187 4472 1202 4487 ⁹
1262 4455 1380 4512 ἄλλ’
1422 4455 1516 4511 ἵνα
1545 4456 1823 4533 φανερωθῇ
1852 4458 1928 4525 τῷ

290 4544 515 4625 Ἰσραὴλ,
549 4543 633 4602 διὰ
681 4553 835 4603 τοῦτο
892 4545 1051 4614 ἦλθον
1101 4545 1209 4624 ἐγὼ
1251 4544 1304 4600 ἐν
1334 4550 1411 4618 τῷ
1456 4542 1602 4600 ὕδατι
1632 4542 1923 4619 βαπτίζων.

296 4636 383 4692 Καὶ
438 4635 799 4713 ἐμαρτύρησεν
874 4638 900 4691 6
971 4636 1221 4702 Ἰωάννης
1289 4634 1483 4713 λέγων,
1545 4631 1625 4688 ὅτι
1668 4630 1926 4708 Τεθέαμαι

292 4724 344 4777 τὸ
388 4729 591 4798 Πνεῦμα
647 4722 968 4780 καταϐαῖνον
1013 4726 1139 4780 ὡσεὶ
1194 4723 1500 4803 περιστερὰν
1562 4719 1615 4787 ἐξ
1682 4724 1922 4802 ούρανοῦ,

292 4814 371 4868 καὶ
409 4812 612 4888 ἔμεινεν
642 4812 727 4869 ἐπ’
785 4813 966 4887 αὐτὸν,
1011 4828 1100 4870 και
1157 4815 1253 4871 οὒκ
1293 4810 1440 4889 ᾔδειν
1488 4810 1641 4870 αὐτόν
1669 4827 1686 4843 ⁶
1730 4808 1850 4866 ἀλλ’
1895 4814 1923 4868 6

295 4901 496 4975 πέμψας
555 4923 621 4977 με
692 4903 962 4977 βαπτίζειν
1018 4902 1072 4958 ἓν
1130 4901 1299 4982 ὕδατι,
1352 4902 1558 4964 ὶκεῒνός
1614 4921 1705 4975 μοι
1750 4899 1929 4956 εἶπεν

295 4986 401 5069 Ἐφ’
429 4991 487 5046 ὃν
516 4989 577 5046 ἂν
610 4989 729 5066 ἴδῃς
784 4992 846 5047 τὸ
898 4994 1109 5067 Πνεῦμα
1157 4988 1478 5048 καταϐαῖνον
1510 4992 1598 5046 καὶ
1642 4988 1801 5064 μένον
1845 4983 1929 5045 ἔπ’

298 5081 456 5153 αὐτὸν,
506 5082 658 5145 οὗτος
714 5079 853 5137 ἔστιν
914 5083 941 5138 6
1000 5082 1268 5158 βαπτίζων
1325 5083 1381 5136 ἓν
1438 5079 1703 5154 Πνεύματι
1767 5078 1930 5155 ἁγίῳ.

303 5169 444 5246 Κάγὼ
486 5169 717 5249 ἑώρακα,
757 5171 844 5227 καὶ
888 5170 1292 5250 μεμαρτύρηκα,
1367 5168 1447 5225 ὅτι
1493 5167 1643 5233 οὗτός
1695 5169 1844 5223 ἔστιν
1890 5168 1929 5223 .6

302 5259 401 5322 Υἱὸς
450 5264 543 5315 τοῦ
600 5266 751 5318 Θεοῦ.
812 5282 835 5315 ι
903 5257 1122 5326 Ἐπειδὴ
1177 5258 1435 5338 συγγενὴς
1492 5260 1561 5323 ἦν
1602 5263 1695 5313 τοῦ
1743 5254 1927 5333 Κυρίου

302 5345 641 5426 ὂΠρόδρομος
675 5365 689 5383 ³
752 5350 880 5426 φησὶ
937 5349 1036 5427 γὰρ
1080 5350 1107 5404 6
1164 5346 1387 5426 ἅγγελος
1443 5347 1575 5425 πρὸς
1617 5347 1716 5412 τὴν
1775 5350 1926 5423 Παρ-

299 5435 445 5509 θένον,
530 5436 607 5493 ὅτι
672 5460 700 5489 α
802 5436 934 5495 ’ἰδοὺ
1015 5440 1049 5505 ἡ
1122 5437 1382 5516 συγγενὴς
1466 5456 1558 5491 σου
1645 5430 1925 5493 Ἐλισάὸετ

2020 3198 2157 3257 dum
2194 3218 2294 3259 vos
2327 3200 2648 3278 nugamini,
2686 3200 2968 3261 Dominus
2997 3219 3028 3260 a
3060 3200 3242 3263 Maria
3270 3201 3501 3261 initium
3536 3220 3661 3273 suae

2021 3286 2361 3349 substantiae
2390 3289 2834 3368 assumpsisset,
2883 3289 3181 3369 quomodo
3236 3289 3398 3369 prior
3454 3290 3660 3352 fuisset

2022 3374 2422 3439 Praecursore?
2446 3376 2671 3437 Etenim
2693 3377 3027 3439 Prwcursor
3052 3379 3357 3439 manifeste
3376 3397 3475 3440 sex
3498 3398 3659 3439 men-

2022 3463 2186 3527 sibus
2216 3467 2529 3526 antecessit
2550 3466 2858 3527 Dominum
2881 3468 3048 3547 juxta
3065 3467 3426 3529 nativitatem
3450 3467 3511 3529 in
3533 3488 3657 3529 car-

2024 3572 2116 3615 ne.
2145 3556 2245 3615 Vir
2273 3564 2464 3615 autem
2504 3554 2719 3615 dicitur
2768 3555 3075 3630 Dominus,
3128 3557 3390 3618 fortassis
3423 3567 3660 3637 propter

2021 3650 2250 3706 aetatem
2287 3644 2627 3724 perfectam,
2659 3646 2933 3724 quoniam
2961 3647 3196 3724 triginta
3222 3664 3512 3706 annorum
3533 3656 3661 3710 erat

2023 3751 2158 3793 cum
2191 3730 2613 3811 baptizaretur.
2648 3735 2937 3796 Fortassis
2963 3744 3157 3796 autem
3190 3735 3347 3810 quod
3379 3744 3435 3796 et
3466 3738 3658 3797 omnis

2023 3820 2237 3882 anima:
2293 3822 2378 3882 vir
2425 3822 2519 3890 sit,
2555 3821 2621 3882 Et
2652 3821 2931 3885 Ecclesiae
2976 3842 3249 3903 sponsus.
3300 3848 3320 3879 «
3350 3824 3658 3904 ,Adaptavi

2028 3909 2215 3991 enim,
2250 3912 2440 3992 inquit
2474 3911 2711 3984 Paulus,
2746 3931 2845 3973 vos
2877 3914 2976 3973 uni
3002 3914 3120 3973 viro
3143 3912 3511 3990 utvirginem
3534 3935 3653 3975 cas-

2021 4010 2132 4061 tam
2166 3999 2508 4062 eahiberem
2539 4002 2599 4051 57
2635 4026 2660 4055 »
2696 4002 2951 4077 Christo,
2995 4003 3244 4063 scilicet.
3296 4002 3442 4063 Dicit
3483 4003 3657 4078 igitur

2018 4088 2389 4149 Praecursor:
2418 4087 2535 4166 Ego
2560 4090 2796 4169 quidem
2832 4091 3138 4168 pronubus
3156 4100 3209 4150 et
3232 4090 3652 4164 internuntius,

2018 4176 2213 4238 veniet
2241 4185 2437 4237 autem
2474 4188 2602 4256 post
2632 4198 2725 4237 me
2758 4179 2861 4240 vir.
2899 4177 3038 4238 Nam
3073 4198 3179 4257 ego
3214 4179 3454 4258 quidem
3486 4180 3653 4240 traho

2012 4264 2237 4325 animas
2264 4265 2333 4324 ad
2370 4265 2542 4325 ﬁdem
2580 4265 2638 4325 in
2674 4265 2971 4327 Christum
3008 4283 3020 4326 τ
3063 4267 3189 4346 ipse
3218 4272 3416 4327 autem
3447 4265 3535 4325 vir
3567 4276 3657 4335 est

2011 4353 2111 4435 qui
2142 4352 2272 4413 illas
2304 4352 2411 4412 sibi
2443 4354 2749 4433 adjunget.

2092 4443 2272 4503 Vnus.
2304 4442 2517 4505 31-34.
2562 4445 2675 4504 «Et
2708 4463 2814 4519 ego
2842 4443 3180 4504 nesciebam
3215 4444 3381 4503 illum
3419 4463 3430 4506 :
3468 4445 3573 4505 sed
3596 4453 3656 4505 ut

2015 4532 2426 4592 manifestetur
2459 4532 2685 4606 Israeli,
2722 4543 3036 4612 propterea
3069 4532 3205 4594 veni
3240 4552 3346 4611 ego
3402 4534 3459 4593 in
3501 4554 3655 4615 aqua

2015 4619 2313 4700 baptizans
2390 4621 2460 4681 Et
2493 4628 2734 4682 testatus
2767 4628 2855 4680 est
2900 4623 3181 4692 Joannes,
3230 4621 3478 4683 dicens:
3521 4622 3651 4685 Vidi

2010 4708 2289 4790 Spiritum
2326 4708 2785 4769 descendentem
2818 4710 3015 4788 specie
3056 4709 3342 4771 columbae
3374 4711 3446 4771 de
3477 4713 3650 4793 coelo,

2008 4806 2065 4859 et
2089 4798 2303 4860 mansit
2331 4816 2513 4876 super
2540 4817 2697 4866 eum,
2735 4807 2791 4857 et
2823 4817 2929 4876 ego
2964 4799 3322 4861 nesciveram
3359 4818 3517 4861 eum:
3546 4802 3650 4862 sed

2016 4888 2108 4949 hic
2141 4888 2236 4967 qui
2272 4887 2427 4946 misit
2487 4905 2579 4947 me
2627 4897 2688 4946 ut
2746 4886 3099 4967 baptizarem
3142 4906 3316 4967 aqua,
3349 4889 3450 4950 ille
3507 4890 3653 4950 mihi

2014 4975 2201 5039 dixit:
2241 4974 2431 5054 Super
2460 4994 2634 5055 quem
2669 4975 2885 5036 videris
2938 4975 3219 5057 Spiritum
3252 4978 3647 5054 descendere,

2014 5073 2070 5125 et
2095 5083 2334 5125 manere
2379 5084 2557 5144 super
2580 5084 2739 5136 eum,
2772 5066 2868 5126 hic
2899 5074 2989 5126 est
3022 5067 3120 5147 qui
3147 5066 3397 5147 baptizat
3430 5068 3648 5147 Spiritu

2011 5163 2241 5215 Sancto.
2272 5152 2339 5214 Et
2371 5171 2477 5232 ego
2512 5155 2627 5215 vidi
2651 5162 2708 5214 et
2741 5163 2986 5215 testatus
3020 5174 3148 5215 sum
3184 5159 3338 5217 hunc
3370 5174 3500 5217 esse
3550 5158 3650 5219 Fi-

2010 5242 2151 5303 lium
2185 5242 2289 5304 Dei
2353 5267 2376 5298 η
2416 5244 2701 5315 Quoniam
2753 5254 3035 5321 COgnatus
3078 5244 3309 5305 Domini
3343 5253 3467 5306 erat
3491 5247 3648 5307 Prae-

2009 5336 2240 5412 curs’Or,
2278 5323 2417 5391 dicit
2446 5333 2600 5393 enim
2633 5332 2875 5410 angelus
2899 5332 3105 5411 virgini
3136 5356 3148 5394 :
3192 5336 3379 5396 «Ecce
3411 5344 3657 5413 cognata

2008 5421 2147 5484 525
2168 5412 2263 5481 tua
2288 5420 2587 5481 Elisaheth
2609 5424 3157 5502 concepit59'59mt
3188 5443 3261 5485 ne
3291 5424 3420 5505 quis
3452 5412 3653 5503 suspi-

371 5595 424 5646 5“
455 5595 611 5661 Phil.
648 5613 710 5674 ll,
744 5599 804 5660 8'.
892 5599 951 5650 57
984 5597 1033 5662 Il
1065 5595 1200 5660 Cor.
1234 5614 1316 5671 XI,
1341 5597 1402 5660 9.
1487 5595 1641 5648 58'59
1670 5595 1810 5658 Luc.
1838 5607 1877 5663 ι,
1913 5589 2011 5653 36.
