4116 6318
270 338 427 441 H77

990 378 1438 441 ENARRATIO
1482 378 1563 439 IN
1612 354 2119 440 EVANGELIUM
2160 364 2505 438 JOANNIS.
2542 405 2612 418 —
2658 374 2822 438 CAP.
2874 372 2919 432 I.

3505 375 3527 433 l
3545 354 3657 434 17‘s

266 522 426 573 οὗτος
495 509 638 567 ἐστιν
690 510 720 567 ὁ
771 500 889 574 Tib;
960 518 1052 568 τοῦ
1121 516 1251 567 Θεοῦ
1284 523 1300 583 ;
1334 506 1575 583 Οὖδαμοῦ
1604 509 1704 590 γὰρ
1726 509 1916 590 γέγρα-

2009 525 2104 568 nes
2134 506 2290 589 quod
2326 509 2425 571 hic
2447 516 2540 573 est
2566 494 2755 572 Filius
2783 502 3258 593 Dei?'Nusqua_m
3280 507 3449 572 enim
3464 506 3656 588 scrip-

266 621 402 658 πται
471 606 648 655 τοῦτο’
722 599 891 672 ἀμνὸν
935 598 1035 674 μὲν
1064 599 1163 678 γὰρ
1205 597 1372 678 λέγει,
1408 600 1526 654 ι’ῑὸν
1572 596 1625 653 δὲ
1670 606 1799 656 Θεοῦ
1828 601 1921 677 οὗ·-

271 688 468 764 δαμοῦ.
545 677 711 746 ’Ὅθεν
769 689 910 752 εἰκὸς
976 677 1364 768 στοχάζεσθαι,
1438 686 1519 744 ὅτι
1612 688 1700 745 καὶ
1772 689 1922 768 ἕτερα

274 774 493 834 πλείονα
551 774 991 855 παραλέλειπται*
1079 775 1137 832 οὗ
1236 777 1335 855 γὰρ
1416 778 1591 845 πήντα
1673 779 1922 856 συνεγρά-

276 888 478 947 φησαν.

363 978 393 1011 ι
422 961 501 1033 Ἰξῇ
557 953 799 1035 ἐπαύριον
856 953 1018 1011 πάλιν
1087 955 1314 1023 εἱστήκει
1373 954 1401 1009 ὀ
1433 952 1710 1031 Ἰωὲιννης,
1744 957 1831 1012 καὶ
1862 956 1922 1013 ἐκ

275 1049 383 1103 τῶν
435 1048 687 1116 μαθητῶν
743 1045 900 1101 αὑτοῦ
955 1042 1066 1115 δύο,
1124 1044 1212 1100 καὶ
1286 1040 1556 1119 ἐμϐλέψας
1609 1051 1687 1115 τῷ
1746 1042 1922 1112 Ἰησοῦ

276 1142 674 1213 περιπατοῦντι,
752 1134 920 1211 λέγει’
983 1122 1101 1192 ’Ἱδε
1163 1135 1191 1189 ὁ
1247 1133 1412 1209 ἀμνὸς
1468 1140 1559 1189 τοῦ
1608 1141 1760 1193 Θεοῦ.
1824 1136 1920 1193 Καὶ

274 1223 507 1292 ἤκουσαν
566 1224 720 1280 αὑτοῦ
785 1225 833 1282 οἱ
884 1221 972 1279 δύο
1037 1224 1267 1298 μαθηταὶ
1298 1220 1608 1295 λαλοῦντος,
1669 1224 1755 1280 καὶ
1784 1222 1919 1290 ἠκο-

275 1312 541 1381 λούθησαν
594 1319 671 1386 τῷ
729 1301 924 1380 Ἰησοῦ,
990 1336 1017 1366 ι
1076 1312 1172 1371 Διὰ
1231 1312 1331 1378 τὴν
1360 1317 1465 1367 τῶν
1495 1311 1793 1368 ἂκουοντων
1821 1312 1919 1390 ῥᾳ-

274 1403 465 1475 θυμίαν
530 1400 876 1479 ἀναγκάζεται
932 1403 960 1458 ὁ
1017 1399 1268 1468 Ἰωέννης
1312 1401 1377 1459 τὰ
1420 1401 1552 1456 αὐτὰ
1598 1399 1797 1481 λέγειν,
1829 1404 1919 1457 ἳνα

276 1497 357 1564 τῷ
410 1502 631 1570 συνεχεῖ
685 1498 810 1567 γοῦν
864 1494 963 1557 τῆς
1020 1490 1303 1569 μαρτυρίας
1386 1489 1775 1569 κατεργάσηταί
1842 1511 1912 1545 τι·

276 1581 386 1637 Οὖκ
444 1586 531 1636 οῦν
600 1577 714 1635 οὑδὲ
794 1577 1107 1654 διεψεύσθη,
1180 1577 1315 1635 ἀλλὰ
1382 1576 1471 1634 δύσ
1517 1579 1758 1653 μαθητὰς
1780 1601 1918 1659 προ-

276 1670 483 1746 σήγαγε
512 1666 643 1749 (15)
676 1675 754 1742 τῷ
785 1675 1012 1747 Χριστῷ,
1039 1670 1408 1748 Νυμφαγωγὸς
1441 1668 1540 1746 γὰρ
1571 1667 1643 1723 ὤν
1675 1672 1750 1741 τῷ
1780 1667 1914 1749 ὄντι,

278 1757 451 1814 πάντα
512 1757 700 1831 ἑποίει,
760 1757 897 1814 ὥστε
954 1758 1321 1837 προσαγαγεῖν
1359 1764 1433 1831 τῷ
1466 1757 1667 1837 νυμφίῳ
1697 1757 1795 1823 τὴν
1819 1756 1917 1813 ἆν-

2005 604 2130 658 tum
2163 605 2273 660 est.
2301 599 2449 663 Nam
2475 618 2688 679 agnum
2725 599 2963 680 quidem
2997 597 3165 671 dicit,
3198 597 3414 661 Filium
3452 606 3655 659 autem

2005 684 2111 747 Dei
2146 685 2637 767 nusquam.Unde
2658 687 2979 750 verisimile
3009 696 3097 749 est
3123 686 3463 767 conjectare
3494 686 3649 766 quod

2006 782 2065 835 et
2094 773 2265 855 plura
2303 776 2417 838 alia
2465 777 2864 857 praetermissa
2897 776 3035 840 sint.
3068 774 3196 838 Non
3248 775 3408 837 enim
3457 776 3653 836 omnia

2007 865 2343 944 conscripta
2372 874 2530 928 sunt.

2084 949 2247 1013 Vsus
2303 953 2519 1016 35—37.
2561 979 2586 1009 α
2616 953 2857 1017 Postero
2880 954 2979 1016 die
3008 953 3219 1016 iterum
3252 952 3446 1015 stabat
3464 954 3649 1015 Joan-

2005 1057 2134 1111 nes,
2168 1049 2227 1103 et
2257 1060 2326 1103 ex
2368 1042 2679 1123 discipulis
2727 1044 2857 1122 ejus
2890 1043 3031 1115 duo,
3063 1051 3122 1103 ct
3152 1042 3402 1123 intuitus
3444 1043 3651 1104 Jesum

2003 1126 2577 1211 ambulantem,dicit
2604 1155 2617 1191 :
2651 1131 2805 1195 Ecce
2834 1132 3036 1212 Agnus
3061 1131 3159 1193 ille
3190 1130 3317 1193 Dei.
3354 1129 3425 1191 Et
3452 1130 3653 1193 audie-

2004 1224 2145 1278 runt
2174 1236 2308 1280 eum
2339 1220 2456 1281 duo
2498 1220 2777 1300 discipuli
2811 1222 3176 1302 loquentem,
3210 1227 3269 1281 et
3298 1219 3487 1280 secuti
3517 1227 3657 1279 sunt

2003 1306 2494 1389 JesumJ’ropter
2522 1310 2892 1371 audientium
2919 1308 3208 1389 ignaviam
3234 1307 3464 1387 cogitur
3481 1306 3656 1370 Joan-

2004 1413 2111 1456 nes
2133 1396 2340 1459 eadem
2375 1398 2601 1471 dicere,
2630 1408 2696 1459 ut
2744 1400 2833 1461 vel
2880 1398 3091 1462 crebro
3143 1396 3481 1459 testimonio
3515 1394 3651 1459 eiii-

2002 1483 2119 1544 ciat
2138 1484 2361 1567 aliquid
2393 1508 2405 1549 :
2443 1507 2635 1569 neque
2657 1488 2835 1550 falsus
2869 1498 2977 1550 est:
3005 1486 3235 1550 Christo
3268 1485 3427 1548 enim
3457 1484 3652 1546 statim

2001 1570 2152 1633 duos
2183 1574 2924 1653 discipulos,obtulit.Nam
2960 1596 3091 1638 cum
3115 1593 3325 1638 revera
3348 1572 3653 1655 pronuhus

2002 1664 2389 1738 esset,omnia
2417 1665 2765 1745 faciebat,ut
2794 1667 3113 1729 humanam
3142 1673 3410 1726 naturam
3430 1681 3652 1742 sponso

2001 1750 2347 1813 adduceret.
2366 1752 2505 1815 Ideo
2533 1766 2591 1815 et
2622 1754 2890 1818 Christus
2911 1753 3149 1834 quidem
3176 1762 3350 1834 tacet,
3377 1760 3441 1813 ut
3468 1770 3653 1830 spono

274 1847 541 1924 θρωπίνην
594 1847 767 1926 φύσιν
829 1845 907 1903 διὸ
964 1848 1053 1903 καὶ
1110 1848 1137 1901 ὁ
1207 1846 1306 1920 μὲν
1391 1847 1616 1923 Χριστὸς
1672 1852 1795 1925 σιγᾷ
1842 1848 1914 1910 ὡς

2009 1856 2101 1901 sus
2127 1861 2142 1903 :
2171 1841 2476 1921 prouubus
2504 1853 2703 1905 autem
2727 1844 2927 1905 omnia
2957 1843 3238 1925 loquitur.
3268 1844 3340 1905 Et
3364 1840 3652 1903 Dominus

277 1936 519 2016 νυμφίος,
594 1937 623 1992 ὀ
678 1934 733 1991 δὲ
795 1934 1042 2012 πρόξενος
1111 1934 1320 1992 ἅπαντα
1348 1935 1650 2016 φθέγγεται,
1714 1936 1811 1991 Καὶ
1854 1937 1924 2001 ὡς

278 2024 497 2105 νυμφίος
563 2023 619 2080 δὲ
687 2026 1033 2103 παραγίνεται
1090 2025 1222 2103 πρὸς
1283 2026 1344 2080 τὸ
1403 2024 1603 2091 πλῆθος
1649 2024 1676 2080 ὁ
1737 2024 1923 2102 Κύριος

282 2112 403 2171 Ἐπὶ
461 2115 561 2193 γὰρ
602 2120 709 2171 τῶν
739 2115 926 2192 γάμων
969 2116 1072 2194 οὑχ
1100 2116 1134 2182 ἡ
1170 2116 1345 2194 νύμφη
1376 2116 1506 2193 πρὸς
1538 2115 1628 2171 τὸν
1676 2114 1922 2191 ν·)μφίον,

279 2200 403 2258 ἀλλ’
472 2210 623 2266 οῦτος
670 2205 802 2281 πρὶς
853 2204 1058 2270 ἐκείνην
1112 2202 1315 2279 ἄπεισι,
1370 2200 1467 2259 κᾶίν
1517 2201 1778 2281 βασιλέως
1829 2202 1919 2270 εἴη

276 2292 410 2355 υἱός.
477 2293 569 2348 Διὸ
631 2294 719 2349 καὶ
774 2292 870 2360 τὴν
914 2293 1065 2371 φύσιν
1094 2294 1251 2368 ῂμῶν
1282 2291 1494 2365 μέλλων
1538 2292 1923 2372 νυμφεύτασθαι

282 2381 310 2435 ὁ
379 2380 589 2460 Κύριος,
646 2378 844 2447 κατέϐη
875 2383 1003 2459 πρὸς
1036 2382 1197 2448 αὐτὴν
1228 2382 1312 2438 ἐπὶ
1341 2382 1440 2449 τὴν
1470 2387 1595 2461 γῆν,
1649 2382 1736 2437 καὶ
1764 2402 1923 2456 γενο-

282 2469 457 2542 μένων
504 2474 608 2524 τῶν
663 2468 873 2547 γάμων,
933 2467 1117 2526 ἔλαϐεν
1152 2470 1337 2543 αὑτὴν,
1386 2469 1699 2550 ἀναληφθεὶς
1728 2469 1800 2533 εἰς
1832 2469 1925 2524 τὸν

284 2558 438 2615 οἶκον
502 2560 592 2614 τὸν
652 2558 931 2637 πατρικόν.
969 2583 997 2614 ιι
1031 2556 1339 2635 Ἐμϐλέψας
1411 2562 1523 2635 οὖν,
1597 2559 1777 2638 φησὶν,
1847 2564 1926 2632 τῷ

285 2645 459 2714 Ἰησοῦ
515 2649 543 2703 ὃ
601 2644 874 2726 Ἰωάννης,
943 2670 966 2705 ιι
1015 2648 1276 2724 τουτέστι,
1320 2650 1409 2707 καὶ
1456 2662 1570 2712 τοῖς
1630 2645 1924 2727 ὀφθαλμοῖς

284 2733 670 2810 ἐνδεικνύμενος
755 2737 852 2804 τὴν
925 2738 1097 2818 χαρὰν
1163 2737 1228 2806 ἤν
1259 2739 1418 2818 εἶχεν
1450 2738 1534 2794 ἐπὶ
1564 2745 1639 2812 τῷ
1690 2742 1919 2812 Χριστῷ,

283 2826 368 2880 καὶ
421 2826 483 2881 τὸ
540 2828 732 2899 θαῦμα.
788 2848 815 2880 α
848 2824 990 2896 "[35,
1059 2829 1239 2908 φησὶν,
1273 2830 1300 2884 ὁ
1344 2828 1534 2904 ἀμνός.
1572 2850 1600 2883 η
1638 2828 1697 2884 Οἱ
1724 2823 1777 2879 δὲ
1809 2846 1920 2899 μα-

282 2915 435 2980 θηταὶ
504 2914 748 2994 συνεχέσι
778 2916 1084 2994 μαρτυρίαις
1127 2914 1655 2996 καταμαλαχθέντες,
1689 2912 1921 2981 ἠκολού-

2008 1927 2159 1991 sicut
2188 1948 2445 2010 sponsus
2474 1932 2629 1994 venit
2674 1934 2744 1994 ad
2801 1933 3266 1996 multitudinem.
3310 1930 3376 1993 In
3432 1929 3654 2009 nuptiis

2008 2017 2166 2078 enim
2194 2038 2308 2079 non
2332 2038 2551 2101 sponsa
2580 2023 2649 2082 ad
2672 2020 3091 2102 sponsumsed
3116 2038 3369 2101 sponsus
3388 2019 3463 2080 ad
3483 2017 3650 2080 illam

2006 2104 2149 2182 abit,
2185 2109 2362 2171 etiam
2393 2110 2439 2170 si
2462 2110 2619 2188 regis
2651 2110 2808 2172 ﬁlius
2838 2111 2932 2171 sit.
2964 2109 3103 2171 Ideo
3133 2118 3189 2171 et
3220 2109 3506 2170 Dominus
3538 2120 3646 2167 na-

2006 2202 2193 2256 turam
2213 2202 2477 2260 nostram
2508 2196 3402 2279 desponsaturus,descenditad
3434 2214 3564 2257 eam
3587 2194 3648 2257 in

2010 2292 2319 2365 terram,et
2347 2286 2514 2350 factis
2552 2288 2768 2368 nuptiis
2798 2288 3213 2368 assumptusin
3244 2287 3484 2361 coelum,
3520 2284 3656 2346 tulit

2008 2391 2143 2434 eum
2176 2374 2236 2434 in
2261 2375 2504 2438 domum
2541 2378 2754 2439 Patris.
2816 2377 3015 2459 Itaque
3044 2396 3177 2438 cum
3223 2375 3465 2437 intuitus
3495 2385 3654 2436 esset

2003 2460 2206 2523 Jesum
2237 2462 2518 2546 Joannes,
2557 2467 2666 2528 ltoc
2689 2476 2798 2543 est,
2820 2469 2994 2528 etiam
3028 2463 3439 2546 corporalibus
3462 2462 3655 2525 oculis

2008 2568 2129 2632 prae
2146 2570 2212 2615 se
2244 2553 2473 2617 tulisset
2499 2556 2778 2634 gaudium
2810 2557 2963 2640 quod
2998 2555 3253 2618 habebat
3283 2555 3345 2615 in
3390 2552 3651 2632 Christo,

2008 2651 2069 2703 et
2097 2642 2591 2720 admirationem;
2632 2670 2653 2701 α
2683 2647 2862 2723 Ecce,
2898 2646 3106 2726 inquit,
3134 2645 3336 2723 Agnus
3366 2642 3493 2706 ille.
3533 2664 3557 2699 ι
3582 2644 3656 2704 At

2007 2729 2283 2810 discipuli
2311 2732 2540 2793 crebris
2586 2733 2943 2796 testimoniis
2989 2732 3270 2805 demulsi,
3302 2730 3488 2793 secuti
3517 2737 3655 2791 sunt

2001 2817 2203 2880 Jesum
2239 2837 2252 2881 :
2289 2840 2404 2881 non
2435 2821 2675 2901 quidem
2709 2830 3163 2885 contemnentes
3202 2820 3518 2898 Joannem,
3544 2818 3651 2881 sed

2007 2908 2191 2986 magis
2222 2908 2569 2970 ohedientes
2592 2912 2670 2990 ei,
2699 2913 2933 2973 testanti
2964 2911 3041 2973 de
3066 2911 3301 2974 Christo
3339 2907 3607 2970 meliora.

283 3005 451 3069 θησαν
480 3009 557 3077 τῷ
586 3001 786 3077 Ἰησοῦ,
813 3006 873 3060 οὔ
892 3007 1390 3085 καταφρονήσαντες
1421 3007 1689 3079 Ἰωάννου,
1746 3001 1954 3079 μᾶλλον
1982 2996 2034 3053 δὲ
2088 2998 2387 3062 πεισθέντες
2448 3000 2589 3074 αύτῷ
2639 3008 2980 3081 μαρτυροῦντι
3029 3002 3143 3079 περὶ
3173 3001 3266 3056 τοῦ
3311 3005 3533 3076 Χριστοῦ
3587 2998 3653 3052 τὰ

286 3092 579 3171 κρείττονα.

373 3204 401 3235 α
436 3183 688 3259 Στραφεὶς
744 3182 798 3237 δὲ
872 3185 899 3240 ὁ
960 3182 1186 3264 Ἰησοῦς,
1247 3187 1332 3242 καὶ
1388 3187 1707 3261 θεασάμενος
1740 3185 1922 3247 αὐτοὺς

2087 3172 2271 3264 Vsus.
2297 3177 2395 3251 38,
2422 3177 2522 3241 39.
2553 3202 2579 3233 α
2607 3180 2943 3242 Conversus
2972 3185 3167 3240 autem
3202 3176 3399 3256 Jesus,
3424 3181 3481 3236 et
3510 3192 3650 3264 con-

286 3269 722 3355 ἆκολσιυθοῦντας,
755 3270 903 3351 λέγει
937 3274 1140 3336 αὐτοῖς·
1192 3274 1249 3329 Υί
1290 3282 1504 3345 ζητεῖτε
1553 3294 1569 3355 ς
1596 3276 1655 3332 Οἱ
1687 3272 1740 3329 δὲ
1772 3279 1928 3330 εἷπον

286 3363 455 3433 αὐτῷ’
522 3350 695 3416 Ῥαόϐὶ
787 3383 810 3415 υ
875 3362 902 3417 ὃ
972 3359 1183 3439 λέγεται
1264 3350 1705 3441 ἑρμηνευόμενον,
1778 3361 1927 3418 διδά-

286 3446 475 3521 σκαλε,
555 3455 692 3532 ποῦ-
769 3448 992 3530 μένειςς
1074 3450 1229 3530 Λέγει
1328 3456 1532 3516 αὐτοῖς·
1622 3452 1924 3532 ⁹¹Ερχεσθε,

287 3538 376 3594 καὶ
446 3535 610 3596 ἴδετε.
664 3526 858 3597 Ἠλθον
888 3542 1000 3619 οὑν,
1030 3541 1119 3596 καὶ
1150 3538 1296 3597 εἶδον
1325 3544 1426 3598 ποῦ
1468 3540 1637 3615 μένει,
1672 3544 1759 3598 καὶ
1803 3538 1927 3618 παρ’

285 3629 430 3700 αύτῷ
488 3624 697 3701 ἔμειναν
753 3629 851 3695 τὴν
909 3628 1113 3707 ἡμέραν
1170 3628 1395 3697 ἐκείνην.
1460 3622 1607 3709 ’Ὦρα
1650 3629 1703 3687 δὲ
1760 3632 1826 3699 ἧν
1855 3632 1929 3693 ὡς

286 3714 505 3781 δεκάτη.
578 3738 600 3771 ι
692 3706 749 3773 ιΟ
822 3718 919 3791 μὲν
978 3721 1246 3782 Ματθαϊος
1279 3722 1394 3796 περὶ
1436 3727 1526 3777 τοῦ
1556 3720 1927 3794 Βαπτίσματος

284 3811 380 3861 τοῦ
448 3803 630 3881 Κυρίου
688 3803 1106 3885 διηγησάμενος,
1158 3807 1337 3885 ἀνάγει
1370 3810 1526 3864 αὑτὸν
1555 3808 1699 3873 εὐθὺς
1758 3811 1830 3869 εἰς
1868 3812 1928 3866 τὸ

285 3891 407 3970 ὄρος
479 3898 984 3971 πειρασθησὸμενον·
1042 3900 1069 3952 ὁ
1114 3895 1166 3952 δὲ
1199 3918 1258 3975 γε
1302 3899 1483 3977 παρὼν
1526 3899 1923 3977 εὖαγγελιστὴς,

286 3983 388 4037 ὅσα
470 3981 654 4054 ἐκείνῳ
690 3982 901 4062 εἴρηται
931 3984 1107 4047 ἐάσας,
1146 3986 1212 4042 τὰ
1254 3988 1389 4060 μετὰ
1418 3987 1518 4054 τὴν
1559 3987 1618 4043 ἐκ
1646 3995 1738 4045 τοῦ
1779 3985 1927 4062 ὅρους

285 4068 502 4127 κάθοδον
549 4068 841 4149 διηγεῖται.
906 4075 1001 4131 Καὶ
1075 4076 1105 4141 ἡ
1164 4081 1267 4130 τῶν
1326 4077 1574 4147 μαθητῶν
1616 4077 1781 4131 τοίνυν
1836 4084 1928 4133 τοῦ

284 4157 535 4217 Ἰωάννου
589 4157 959 4233 ἀκολούθησις,
1020 4165 1103 4218 καὶ
1162 4165 1291 4240 πρὸς
1321 4166 1412 4219 τὸν
1441 4166 1660 4237 Χριστὸν
1700 4164 1923 4237 ἕλευσις,

288 4247 425 4322 μετὰ
480 4248 543 4303 τὸ
601 4247 876 4305 κατελθεῖν
945 4249 1004 4305 ἐκ
1073 4262 1165 4310 τοῦ
1218 4249 1369 4325 ὅρους
1442 4254 1529 4309 καὶ
1585 4254 1926 4331 πειρασθῆναι

2009 3262 2267 3345 spicatus
2297 3284 2399 3327 eos
2416 3276 2738 3347 sequentes
2762 3286 2849 3348 se,
2887 3268 3031 3329 dicit
3058 3267 3166 3329 eis:
3189 3265 3341 3341 Quid
3361 3261 3655 3344 qumritis?

2011 3353 2101 3417 Illi
2122 3360 2316 3418 autem
2342 3355 2617 3418 dicebant
2647 3358 2702 3419 ei
2729 3379 2741 3420 :
2773 3356 2988 3433 Rabbi,
3014 3356 3170 3437 quod
3192 3356 3429 3418 dicitur.
3450 3352 3499 3413 si
3521 3355 3653 3431 quis

2007 3441 2455 3523 interpretetur,
2484 3446 2906 3523 magister,ubi
2940 3447 3179 3507 manes?
3208 3443 3362 3505 Dicit
3387 3440 3500 3514 eis,
3531 3439 3651 3501 Ve-

2012 3531 2135 3593 nite
2163 3541 2223 3594 et
2252 3532 2469 3597 videte.
2527 3536 2832 3597 Venerunt
2888 3540 3087 3613 tgitur,
3147 3542 3205 3596 et
3249 3532 3523 3593 viderunt
3554 3527 3654 3591 ubi

2013 3629 2323 3685 maneret:
2357 3632 2414 3683 et
2440 3634 2786 3687 manserunt
2810 3626 2965 3706 apud
2994 3625 3161 3687 illum
3196 3620 3441 3685 dieillo.
3494 3616 3655 3681 Hora

2009 3718 2212 3772 autem
2237 3717 2366 3772 erat
2388 3714 2554 3790 quasi
2581 3714 2875 3777 decima.»
2912 3714 3213 3776 Matthzeus
3243 3710 3486 3793 quidem
3518 3726 3652 3769 cum

2010 3800 2089 3860 de
2118 3797 2468 3879 baptismate
2501 3816 2816 3885 narrasset,
2855 3805 3046 3865 statim
3071 3799 3350 3864 subducit
3384 3799 3553 3859 illum
3594 3797 3654 3856 in

2016 3892 2275 3950 montem
2298 3896 2360 3949 ut
2386 3898 2754 3953 tentaretur:
2786 3901 2842 3953 at
2865 3911 3125 3972 prmseus
3174 3887 3533 3968 evangelista
3559 3903 3656 3946 re-

2012 3972 2166 4036 lictis
2194 3975 2290 4056 iis,
2322 3996 2451 4056 quae
2480 3980 2553 4039 ab
2585 3979 2686 4041 illo
2709 3981 2866 4042 dicta
2891 3980 3240 4056 sunt,rel'ert
3263 3997 3331 4039 ea
3361 3994 3491 4058 qua
3525 3982 3658 4055 post

2011 4062 2368 4125 descensum
2409 4066 2483 4127 de
2514 4077 2713 4131 monte
2745 4070 2894 4131 facta
2948 4077 3104 4134 sunt.
3142 4068 3322 4148 Igitur
3345 4074 3651 4146 postquam

2008 4148 2084 4212 de
2105 4160 2306 4214 monte
2337 4153 2434 4221 ubi
2462 4162 2714 4217 tentatus
2742 4159 2870 4237 fuit,
2906 4158 3238 4237 descendit,
3268 4154 3538 4235 sequitur
3558 4152 3656 4213 di-

2011 4239 2375 4319 scipulorum
2404 4244 2650 4305 Joannis
2672 4246 2973 4308 comitatio
2993 4260 3053 4309 et
3078 4262 3351 4308 accessus
3374 4242 3445 4303 ad
3479 4240 3653 4303 Chri-

289 4337 515 4415 γίνεται·
571 4334 884 4418 δεικνύντος,
947 4340 1127 4414 οἶμαι,
1192 4348 1282 4396 τοῦ
1333 4339 1517 4420 λόγου,
1570 4343 1649 4398 ὃτι
1704 4343 1763 4397 οὗ
1818 4344 1922 4422 χρὴ

2014 4327 2600 4422 _stum.Q_pinot'quotl
2625 4353 2822 4396 sermo
2846 4335 3209 4397 demonstret
3228 4331 3383 4422 quod
3404 4349 3522 4422 non
3537 4332 3652 4422 de-

289 4422 601 4481 διδέσκαλόν
660 4447 778 4483 τινα
833 4415 1192 4507 καθίστασθαι,
1266 4430 1308 4483 εί
1384 4415 1459 4504 μὴ
1494 4415 1745 4509 πρότερον
1775 4415 1922 4491 xié‘o:

2014 4415 2149 4480 heat
2171 4418 2385 4509 aliquis
2406 4421 2687 4484 caustitui
2716 4424 3065 4499 doctor,nisi
3094 4423 3257 4504 prius
3273 4421 3345 4483 ad
3360 4417 3654 4509 fastigium

1179 4485 1192 4507 ι
1384 4485 1394 4504 ι
1449 4485 1459 4496 ·
1535 4485 1553 4509 t‘
1657 4485 1707 4504 ιη
1780 4485 1802 4486 "

290 4512 519 4571 ἀνελθὼν
570 4512 655 4570 ἐπὶ
707 4515 769 4570 τὸ
823 4521 917 4581 τὴς
986 4516 1175 4590 αρετῆς
1246 4515 1402 4594 ἄκρον
1457 4517 1635 4594 (τοῦτο
1706 4518 1803 4594 γὰρ
1871 4520 1922 4572 τί

2016 4485 2434 4570 conscenderit
2464 4510 2775 4575 virtutum:
2811 4485 3112 4575 hoc'onini
3147 4530 3317 4573 mons
3338 4485 3651 4588 significat:

289 4600 428 4681 ὅρος)
490 4604 578 4658 καὶ
634 4603 805 4663 πάντα
878 4607 1094 4673 νικήσαι,
1170 4607 1481 4683 πειρασμὸν,
1557 4605 1656 4681 ἄρῃ
1696 4607 1757 4661 τὸ
1806 4606 1922 4684 τρύ-

2017 4607 2073 4659 et
2120 4616 2357 4662 omnem
2410 4602 2693 4665 devicerit
2745 4606 3148 4678 tentationem,
3186 4601 3547 4680 triumphum
3578 4598 3655 4659 de

290 4712 447 4747 παιον
516 4693 651 4748 κατὰ
718 4702 810 4751 τοῦ
887 4695 1247 4769 πειράζοντος.
1328 4692 1695 4751 Ἀκολουθοῦσι
1767 4696 1922 4750 τοίνυ·⁴

2018 4694 2302 4749 tentatorc
2332 4689 2624 4752 referens.
2652 4696 2993 4775 Sequuntur
3024 4695 3203 4774 igitur
3242 4691 3494 4773 primum
3528 4686 3653 4775 dis-

293 4785 501 4857 πρῶτον
558 4784 604 4838 οἱ
661 4783 915 4856 μαθηταὶ,
974 4784 1059 4838 καὶ
1126 4783 1241 4839 τότε
1312 4781 1583 4861 ἐρωτῶσιν
1640 4783 1791 4839 αὐτὸν
1834 4795 1922 4841 ποί

2016 4776 2219 4855 cipuli,
2250 4784 2310 4839 et
2336 4786 2472 4839 tunc
2505 4774 2867 4862 interrogant
2897 4803 3032 4845 eum
3087 4782 3183 4843 ubi
3241 4785 3493 4841 maneat.
3526 4774 3656 4837 Non

294 4866 463 4942 μένεις
501 4870 573 4926 Οὔ
600 4871 700 4947 γαρ
757 4869 984 4945 δημοσῖα
1050 4870 1259 4927 πολλῶν
1305 4874 1605 4950 παρόντων,
1638 4871 1773 4927 ἀλλὰ
1815 4873 1922 4928 κατ

2015 4864 2154 4924 ΰΩῚ
2176 4865 2334 4927 enim
2358 4867 2593 4947 publice
2624 4873 2825 4935 multis
2848 4867 3369 4953 praesentibus,sed
3402 4864 3652 4927 seorsim

290 4952 421 5011 ἰδίαν
478 4956 647 5036 ἐχρῆν
703 4955 1048 5038 διαλεχθῆναι
1095 4962 1167 5025 ὡς
1196 4963 1309 5035 περὶ
1363 4961 1686 5038 ἀναγκαίων.
1722 4960 1922 5017 Μᾶλλςκ

2017 4953 2328 5033 oportebat
2360 4956 2640 5038 colloqui,
2678 4952 2857 5041 quasi
2880 4962 2952 5022 de
2982 4962 3161 5024 rebus
3193 4955 3543 5041 quibusdam
3569 4973 3668 5041 ne:

295 5042 341 5076 “1
468 5047 482 5068 ’
524 5045 543 5076 Σ
648 5047 663 5067 9
736 5048 749 5066 ‘
896 5055 918 5064 δ
1049 5048 1062 5061 ‘
1195 5057 1215 5064 -ι
1376 5051 1387 5065 ν
1475 5049 1489 5069 9
1526 5051 1538 5071 ε
1740 5051 1749 5063 ·
1878 5051 1891 5072 9

291 5062 370 5117 οι,
431 5043 546 5102 ουδε.
608 5067 753 5104 αυτοι
812 5070 1013 5126 πρωτοι
1045 5071 1335 5130 ερωτευσιν,
1370 5047 1468 5104 αλλ
1520 5073 1546 5105 ο
1574 5057 1795 5128 Χριστος
1838 5073 1922 5106 αυ·

2019 5041 2317 5105 εθεεειτὶἰε.
2375 5042 2493 5105 [ιηο
2547 5045 2629 5107 illi
2690 5039 2806 5110 non
2865 5049 3095 5129 priores
3145 5039 3531 5123 interrogant.
3566 5039 3669 5102 59d

288 5134 382 5199 τὸς
442 5133 616 5208 ἐνάγει
664 5137 734 5199 εἰς
764 5136 823 5193 τὸ
854 5136 1142 5213 ἐρωτὶισαο,
1178 5138 1329 5214 Λέγει
1374 5138 1474 5218 γὰρ
1522 5137 1729 5201 αὗτοϊςο
1794 5160 1823 5192 ι
1881 5147 1919 5195 Τ

2023 5130 2291 5193 Christus
2343 5133 2502 5211 ipsos
2551 5134 2776 5198 inducit
2825 5139 2897 5199 ad
2956 5135 3469 5218 interrogandum.
3524 5130 3676 5192 Dicit

288 5223 510 5292 ζητεῖτε
548 5243 563 5303 ς
649 5250 670 5275 ι
736 5228 838 5304 οὐχ
886 5226 958 5291 ὡς
1008 5227 1214 5303 ἀγνοῶν
1277 5226 1413 5307 (πῶς
1444 5227 1543 5303 γὰρ
1590 5224 1796 5291 cctam
1847 5227 1922 5283 τᾶι

2025 5219 2184 5279 enim
2217 5218 2526 5292 eis,cQuid
2560 5226 2882 5303 quteritis?»
2916 5247 3031 5289 non
3062 5235 3335 5307 tanquam
3368 5223 3666 5305 ignorans.

287 5310 504 5390 καρδίας
576 5320 683 5371 τῶν
741 5314 1029 5393 ἀνθρώπων
1056 5315 1126 5395 ς),
1161 5313 1281 5372 ἀλλ’
1330 5315 1420 5372 ἵνα
1452 5314 1535 5372 διὰ
1566 5315 1662 5383 τῆς
1730 5315 1922 5395 ἐρωτή-

2026 5307 2362 5397 [quomodo
2380 5309 2537 5371 enim
2572 5313 3000 5397 ignoraret,qui
3030 5316 3254 5377 sciebat
3275 5310 3451 5377 corda
3481 5308 3673 5369 homi-

288 5422 424 5460 σεως
480 5402 908 5482 προσκαλέσηται
938 5404 1124 5470 αὖτοὺς
1154 5408 1226 5471 εἰς
1258 5408 1317 5460 τὸ
1394 5406 1567 5462 ciust:
1625 5404 1654 5461 ὅ
1710 5405 1922 5483 βούλον-

2024 5395 2228 5476 humi]
2261 5395 2368 5458 sed
2389 5404 2451 5458 ut
2477 5417 2583 5481 per
2612 5395 3133 5485 interrogationem
3187 5404 3535 5483 provocaret
3568 5415 3671 5461 eos

1366 5536 1447 5600 Ex
1481 5537 1798 5602 collatione
1830 5533 2007 5601 codd.
2048 5526 2258 5590 Venet.
2294 5525 2358 5591 S.
2390 5528 2596 5594 Marci.

369 5667 482 5747 (15)
506 5664 651 5729 Cod.
685 5666 783 5729 3i.
819 5668 962 5732 εὖθδς
999 5671 1335 5749 προσήγαγε,
