4060 6294
115 411 310 477 1189

893 398 1335 478 ENARRATIO
1376 408 1451 474 IN
1490 402 1991 478 EVANGELIUM
2037 398 2380 474 JOANNIS.
2426 445 2500 456 —
2531 412 2695 475 CAP.
2744 412 2818 475 υ.

3390 416 3538 479 1190

102 548 408 623 τύρησεν,
470 549 658 608 tam
719 572 775 605 τε
826 546 929 615 ἤδη
972 548 1059 603 καὶ
1102 548 1342 620 μαθητὰς
1387 549 1528 620 αὑτῷ
1587 543 1815 604 ἀκολου-

1910 551 2307 620 sequenteszet
2337 561 2404 604 ex
2444 544 2533 605 his
2559 545 2836 607 omnibus
2865 549 3233 628 conjectabat
3261 550 3534 612 virtutem

103 639 378 703 θοῦντας
414 656 428 671 ⁸
492 642 575 696 καὶ
633 639 692 695 ἐκ
774 638 974 694 τούτων
1051 638 1261 693 πάντων
1321 636 1657 710 ἐτεκμαίρετο
1711 636 1808 702 τὴν

112 722 383 800 δύναμιν
428 736 518 785 τοῦ
564 725 778 790 Παιδός.
816 718 871 782 Ὀ
898 723 953 780 δέ
997 727 1217 799 ἓπιτιμᾷ
1262 724 1394 800 αὑτῇ
1438 726 1531 780 οὑκ
1574 721 1804 800 ἀλόγως.

118 814 187 868 Εἰ
241 815 392 894 γὰρ,
439 817 623 896 φησὶν,
670 815 768 871 οὑκ
824 812 964 869 ἔστιν
1015 813 1191 885 οἶνος,
1232 810 1334 867 ἔδει
1366 813 1549 875 αὑτοὺς
1580 810 1807 873 ἐκείνους

125 902 271 967 τοὺς
340 904 424 979 μὴ
477 904 704 985 ἔχοντας
757 902 1094 983 προσελθεῖν,
1141 903 1229 957 καὶ
1299 900 1539 973 ἀξιῶσαι,
1588 900 1709 980 οὑχὶ
1752 901 1809 955 σὲ

123 990 245 1057 τὴν
323 994 569 1074 Μητέρα,
621 986 681 1050 Ἠ
757 995 857 1072 γὰρ
927 996 1044 1071 περὶ
1085 998 1192 1047 τῶν
1236 992 1438 1048 οἰκείων
1483 988 1813 1067 παράκλησις

128 1078 463 1139 σκάνδαλον
523 1086 721 1161 γίνεται
776 1095 896 1146 τοῖς
955 1084 1143 1160 ὁρῶσιν
1179 1097 1193 1111 ·
1257 1080 1383 1135 ὅταν
1441 1076 1495 1134 δὲ
1551 1082 1596 1134 oi
1627 1082 1813 1157 χρείαν

128 1164 387 1246 ἔχοντες
440 1174 584 1229 αὑτοὶ
634 1170 878 1245 δέωνται,
925 1170 1226 1227 ἀνύποπτον
1273 1170 1337 1224 τὸ
1392 1174 1610 1246 πρᾶγμα
1665 1169 1811 1246 γίνε-

124 1275 257 1317 ται.
335 1261 406 1316 Τὸ
455 1257 534 1339 δὲ,
588 1280 611 1315 α
671 1260 832 1317 Οὔπω
873 1258 991 1326 ἥκει
1035 1260 1070 1326 ἡ
1116 1258 1226 1336 ὥρα
1271 1279 1396 1332 μου,
1436 1279 1458 1311 ι
1497 1258 1678 1336 φησὶν,
1709 1256 1814 1335 οὖχ

128 1344 221 1407 ὡς
291 1347 639 1423 ὑποκείμενος
698 1348 949 1426 ἂνάγκαις
1006 1348 1226 1422 καιρῶν,
1286 1346 1322 1414 ἢ
1376 1346 1513 1425 ὥρας
1563 1367 1813 1423 παρατη-

136 1434 418 1509 ρούμενος
480 1445 593 1501 πῶς
642 1440 742 1517 γὰρ
802 1440 829 1493 ὑ
875 1437 1111 1504 Ποιητὴς
1169 1442 1275 1492 τῶν
1329 1436 1543 1514 χρόνων
1592 1436 1679 1490 καὶ
1708 1439 1813 1490 τῶν

135 1521 370 1582 αἰώνων
396 1526 439 1606 ;)
475 1524 596 1584 ἀλλ’
628 1527 707 1583 ὅτι
756 1529 928 1585 πάντα
966 1528 1101 1602 μετὰ
1144 1531 1235 1581 τοῦ
1278 1531 1463 1599 καιροῦ
1521 1531 1612 1580 τοῦ
1642 1545 1811 1602 προσ-

131 1613 389 1679 ἥκοντος
447 1616 739 1696 ἐργάζεται,
805 1615 955 1673 Ἐπεὶ
1037 1615 1123 1671 οὑν
1205 1611 1398 1680 ἄδηλος
1456 1615 1521 1679 ἦν
1567 1613 1665 1685 ἔτι,
1727 1614 1813 1669 καὶ

134 1696 438 1778 ἄγνωστος
482 1720 601 1769 τοῖς
652 1704 899 1779 πολλοῖς,
958 1706 1044 1760 καὶ
1105 1702 1219 1761 οὑδὲ
1250 1705 1370 1764 τοὺς
1403 1704 1642 1778 μαθητὰς
1673 1704 1811 1758 πάν-

133 1811 247 1854 τας
300 1797 485 1873 εἶχεν,
518 1794 635 1850 ἀλλ’
669 1793 784 1854 οὑδὲ
813 1797 858 1850 οἱ
890 1797 941 1849 ἰν
994 1798 1073 1865 τῷ
1102 1792 1257 1870 γάμῳ
1287 1794 1443 1851 αὑτὸν
1474 1790 1759 1869 ἐγίνωσκον
1795 1807 1809 1821 ⁸

1900 630 2050 693 Filii.
2109 633 2176 692 At
2224 634 2326 695 ille
2368 634 2632 713 increpat
2690 654 2844 710 eam,
2894 656 3011 698 non
3063 639 3340 701 absurde.
3389 639 3538 701 Dicit

1895 720 2144 810 enim,Si
2180 741 2294 782 non
2328 722 2737 798 adestviuum,
2772 734 3000 806 oportet
3031 726 3162 789 illos
3193 729 3375 808 ipsos,
3397 730 3533 810 qui-

1893 804 2002 893 bus
2023 809 2213 888 ileest,
2246 810 2535 871 accedere
2567 821 2622 871 et
2654 804 2880 891 rogare,
2936 825 2993 878 et
3026 835 3139 877 nou
3174 804 3231 893 te
3262 804 3533 880 matrem.

1895 892 2037 955 Nam
2072 898 2306 976 quando
2340 899 2643 960 hortantur
2682 919 2714 961 a
2740 892 3454 979 domesticis,scandalum
3476 907 3539 967 fit

1896 983 2253 1075 videntibus.
2282 987 2529 1060 Quanzlo
2550 998 2744 1051 autem
2782 992 2840 1052 hi
2875 1003 3078 1070 rogant
3116 994 3216 1074 qui
3246 1014 3393 1075 opus
3423 997 3534 1057 ha-

1898 1071 2052 1133 bent.
2092 1076 2429 1155 suspicione
2462 1095 2558 1137 res
2588 1078 3067 1141 caret.C:eterum
3099 1071 3535 1156 dicens,«N0n-

1897 1161 2036 1222 dum
2063 1164 2217 1224 venit
2271 1165 2417 1226 hora
2450 1184 2640 1238 mea,»
2671 1186 2785 1228 non
2818 1169 2940 1229 vult
2969 1169 3123 1249 quod
3151 1170 3436 1233 obnoxius
3468 1172 3543 1231 sit

1898 1253 2353 1315 necessitatibus
2382 1264 2496 1315 tem
2507 1274 2650 1333 poru
2661 1258 2842 1323 m.vel
2876 1259 3049 1320 horas
3065 1258 3541 1340 observet,(quo-

1898 1343 2077 1402 modo
2113 1344 2269 1403 enim
2305 1343 2414 1404 hoc
2439 1342 2639 1405 dicere
2667 1363 2975 1424 possemus
3004 1347 3078 1408 de
3112 1346 3357 1410 Factore
3385 1358 3539 1412 tem-

1899 1449 2107 1511 porum
2139 1440 2197 1492 et
2228 1432 2642 1508 saeculorum?)
2673 1434 2777 1495 sed
2830 1435 2984 1514 quod
3032 1437 3231 1498 omnia
3272 1442 3543 1518 tempore

1898 1538 2156 1597 congruo
2187 1530 2482 1601 operetur.
2521 1522 2702 1600 Igitur
2731 1524 3010 1603 quoniam
3055 1525 3251 1587 adhuc
3272 1527 3542 1606 incogni-

1899 1617 1991 1669 tus
2024 1621 2168 1679 erat,
2196 1618 2254 1669 et
2283 1610 2556 1671 occultus
2589 1611 2807 1684 multis,
2827 1622 2885 1673 et
2916 1614 3180 1675 nondum
3212 1634 3421 1677 omnes
3436 1617 3539 1676 ha.

1898 1697 2075 1758 bebat
2104 1697 2447 1778 discipulos.
2476 1707 2531 1758 et
2555 1718 2746 1779 neque
2767 1700 2848 1780 hi,
2881 1702 2979 1781 qui
3012 1702 3069 1763 in
3095 1703 3315 1781 nuptiis
3342 1714 3536 1783 erant,

1896 1805 2029 1846 eum
2052 1786 2481 1864 agnoscebant:
2527 1806 2658 1848 nam
2693 1788 2950 1870 alioquin
2977 1791 3088 1871 ipsi
3126 1793 3535 1861 accessissent.

135 1878 175 1945 ἦ
232 1882 347 1962 γὰρ
395 1883 456 1938 ἂν
517 1884 665 1941 αὑτοῖ
705 1881 1003 1960 προσῆλθον
1050 1883 1136 1939 καὶ
1185 1880 1513 1957 παρεκάλουν
1562 1882 1678 1958 περὶ
1726 1892 1820 1939 τοὺ

1910 1886 1961 1939 et
1984 1886 2293 1957 rogassent
2330 1896 2432 1955 pro
2479 1877 2609 1938 vino
2639 1900 2652 1939 :
2680 1879 2815 1958 quia
2861 1881 2984 1942 haec
3011 1883 3205 1942 omnia
3236 1883 3313 1943 ita
3341 1901 3405 1944 se
3432 1884 3537 1944 ha-

136 1965 311 2026 οῗνου
349 1988 363 2001 ·
398 1972 512 2028 ἐπεὶ
571 1973 658 2029 οὖν
715 1981 877 2029 ταῦτα
918 1970 1088 2026 πάντα
1132 1970 1221 2044 ἦν,
1280 1966 1363 2023 διὰ
1406 1968 1559 2025 τοῦτό
1603 1989 1762 2047 φησιν
1800 1984 1812 1997 ·

147 2074 182 2115 (
234 2060 408 2116 Οὔπω
457 2060 575 2128 ἥκει
628 2063 662 2129 ἡ
721 2060 832 2138 ὥρα
889 2082 991 2135 μου
1024 2077 1039 2092 ο
1091 2080 1114 2113 ι
1172 2057 1467 2136 τουτέστιν,
1524 2055 1817 2127 ἐπιτήδειος

139 2150 347 2227 καιρὸς
381 2152 441 2206 οὑ
483 2151 759 2226 πάρεστιν,
815 2147 964 2206 Ἀλλ’
996 2146 1071 2204 ἔτι
1123 2147 1389 2203 ἐνίσταται
1422 2150 1455 2215 ἡ
1499 2149 1592 2203 τοὺ
1618 2145 1822 2225 Ἀρείου

144 2235 350 2311 λύττα,
412 2237 583 2304 δεῖξαι
671 2238 977 2317 πειρωμένη
1048 2239 1138 2293 τὸν
1200 2237 1387 2315 Κύριον
1473 2236 1821 2311 ὑποκείμενον

146 2323 328 2401 ὥραις
398 2329 488 2383 καὶ
553 2340 785 2406 καιροῖς.
872 2327 1109 2382 Μάνθανε
1181 2325 1375 2403 τοίνυν,
1435 2326 1479 2380 ὦ
1532 2327 1819 2403 κατάρατε,

151 2414 235 2478 ὡς
288 2416 333 2470 εἰ
391 2418 635 2472 ὑπέκειτο
693 2416 876 2495 ὥραις,
936 2418 1052 2477 πῶς
1110 2413 1303 2471 λοιπὸν
1347 2412 1565 2481 ἐποίησε
1603 2414 1661 2470 τὸ
1690 2417 1820 2471 θαῦ-

155 2524 240 2576 μα
280 2525 298 2579 ς
355 2503 519 2561 ’Ἔδει
565 2506 688 2584 γὰρ,
734 2507 869 2562 κατὰ
924 2507 1014 2560 τὸν
1067 2507 1159 2560 σὸν
1201 2501 1382 2583 λόγον,
1431 2502 1543 2559 ἐπεὶ
1591 2502 1820 2559 δουλεύει

156 2588 333 2672 ὥραις
394 2595 481 2650 καὶ
538 2608 774 2672 καιροῖς,
834 2593 982 2651 οὔπω
1037 2591 1091 2649 δὲ
1143 2593 1272 2661 ἧκεν
1313 2594 1348 2661 ἡ
1380 2593 1489 2663 ὥρα
1530 2598 1710 2674 αὑτοῦ,
1743 2596 1820 2669 μὴ

159 2676 454 2750 δυνηθῆναι
510 2685 978 2763 θαυματουργῆσαι
1014 2699 1029 2713 ⁹
1091 2681 1229 2738 ἀλλά
1294 2684 1401 2758 μὴν
1462 2682 1818 2762 ἐθαυμπιτούρ-

164 2793 343 2848 γησεν
379 2791 393 2805 ⁶
456 2774 551 2830 οὑκ
620 2772 719 2852 ἄρα
772 2771 1003 2830 δουλεύει
1046 2772 1231 2849 ὥραις.
1290 2771 1425 2846 ’Ὅρα
1468 2768 1523 2826 δέ
1567 2794 1656 2846 μοι
1706 2780 1819 2835 πῶς

165 2861 269 2917 οὑκ
330 2859 457 2941 ἄχρι
520 2860 729 2937 τέλους,
814 2859 930 2920 οὑδέ⁹
992 2858 1074 2916 διὰ
1154 2861 1367 2916 πάντων
1426 2860 1693 2916 ἀντιτείνει
1750 2868 1818 2937 τῇ

159 2950 343 3028 Μητρί
375 2966 392 2983 ⁸
446 2948 565 3006 ἀλλ’
611 2948 906 3020 ἐπιπλήξας
962 2950 1172 3027 μικρὸν,
1239 2949 1399 3004 πάλιν
1446 2948 1543 3015 τὴν
1602 2948 1818 3014 ἀξίωσιν

156 3036 333 3104 αὑτῆς
387 3036 615 3119 πληροῖ,
676 3040 845 3113 τιμῶν
904 3037 1091 3111 αὑτὴν,
1142 3038 1229 3094 καὶ
1258 3039 1395 3112 ἡμῖν
1421 3038 1616 3101 τύπους
1648 3035 1815 3103 διδοὺς

156 3126 264 3192 τῆς
311 3126 444 3205 πρὶς
472 3128 722 3192 τεκόντας
754 3126 948 3190 αἱδοῦς.

261 3326 286 3361 α
323 3303 475 3383 Λέγει
505 3307 541 3373 ἡ
586 3307 778 3385 Μήτηρ
823 3305 982 3385 αὑτοὺ
1028 3320 1146 3369 τοῖς
1197 3304 1457 3366 διακόνοις
1494 3321 1507 3334 ⁸
1574 3296 1605 3332 ”
1618 3315 1707 3363 Οτι
1768 3306 1829 3364 ἂν

176 3391 315 3473 λέγῃ
371 3394 523 3474 ὑμῖν,
581 3384 864 3465 ποιήσατε.
936 3384 1104 3451 Ἦσαν
1174 3396 1228 3451 δὲ
1266 3395 1383 3451 ἐκεῖ
1424 3393 1587 3474 ὑδρίαι
1641 3394 1827 3453 λίθιναι

176 3483 233 3549 ἓξ
285 3483 521 3561 κείμεναι
580 3486 715 3542 κατὰ
782 3487 875 3543 τὸν
962 3486 1285 3565 καθαρισμὸν
1368 3489 1475 3540 τῶν
1537 3482 1827 3569 Ἰουδαίων,

175 3580 450 3654 χωροῦσαι
506 3572 605 3630 ἀνὰ
662 3576 929 3653 μετρητὰς
973 3574 1061 3631 δύο
1104 3575 1140 3643 ἢ
1199 3587 1370 3653 τρεῖς,
1429 3573 1584 3652 Λέγει
1644 3574 1828 3640 αὑτοῖς

176 3664 204 3717 ὁ
264 3662 473 3730 ἰησοῦς
508 3678 522 3693 ⁸
582 3664 841 3740 Γεμίσατε
904 3665 996 3730 τὰς
1052 3662 1224 3741 ὑδρίας
1281 3660 1489 3723 ὕδατος.
1553 3663 1648 3720 Καὶ
1702 3661 1825 3741 ἑγὲ-

172 3774 335 3826 μισαν
380 3752 539 3818 αὑτὰς
600 3752 700 3817 ἕως
744 3752 876 3817 ὄίνω,
939 3755 1037 3812 Καὶ
1092 3753 1235 3833 λέγει
1299 3754 1480 3814 αὑτοῖς
1512 3766 1526 3782 ⁸
1590 3750 1827 3823 Ἀντλή-

172 3861 300 3897 σατε
332 3846 444 3917 νῦν,
476 3842 565 3899 καὶ
593 3840 777 3921 φέρετε
819 3848 897 3917 τῷ
928 3841 1333 3922 ἀρχιτρικλίνῳ.
1364 3843 1462 3898 Καὶ
1494 3839 1743 3919 ἤνεγκαν
1795 3865 1821 3896 π

171 3937 299 3995 Τοῖς
347 3928 612 3995 διακόνοις
633 3930 786 4022 Δλέγει
817 3932 1074 4022 ἡ-Μήτηρ
1102 3953 1115 3967 ο
1156 3955 1184 3985 α
1328 3952 1384 3986 τι
1418 3928 1479 3986 ἂν
1508 3928 1645 4022 λέγη
1673 3932 1825 4022 ὑμῖν,

173 4021 429 4090 ποιήσατε
464 4038 477 4053 ⁶
521 4044 545 4078 ι
607 4019 744 4078 ὥστε
825 4019 1042 4078 πλείονα
1120 4020 1360 4099 γενέσθαι
1432 4041 1530 4086 την
1586 4019 1829 4103 αἴτησιν,

180 4107 581 4187 προσελθόντων
625 4110 798 4167 αὑτῶν
835 4111 923 4167 καὶ
966 4110 1339 4185 αἰτησαμένων
1370 4123 1384 4137 ’
1441 4109 1515 4170 ὡς
1572 4107 1632 4163 ἂν
1674 4107 1831 4188 δειχ-

183 4198 271 4274 θῇ,
330 4196 411 4255 ὅτι
466 4200 560 4257 οὑκ
601 4201 868 4263 ἀσθενείας
912 4200 978 4268 ἦν
1023 4198 1061 4265 ἡ
1093 4197 1430 4278 παραίτησις,
1465 4195 1603 4252 ἀλλὰ
1632 4205 1724 4255 τοῦ
1756 4200 1832 4273 μὴ

189 4282 327 4352 δόξαι
385 4287 689 4371 ἐπιτρέχειν
768 4303 890 4354 ταῖς
956 4287 1393 4367 θαυματουργίαις
1465 4283 1548 4341 διὰ
1620 4285 1834 4353 ἔνδειξιν

187 4378 272 4434 καὶ
313 4379 465 4435 κενὸν
509 4382 691 4459 τύφον,
740 4382 801 4437 Αἱ
831 4378 884 4435 δὲ
938 4377 1102 4457 ὑδρίαι
1152 4378 1204 4433 αἱ
1259 4375 1473 4453 λίθιναι,
1506 4376 1578 4440 εἷς
1610 4377 1701 4432 τὸν
1730 4400 1834 4433 κα·

189 4468 436 4543 θαρισμὺν
487 4474 592 4525 τῶν
650 4466 913 4526 Ἰουδαίων
970 4467 1357 4548 ἐχρημάτιζον,
1418 4467 1477 4522 Οἱ
1535 4465 1634 4543 γὰρ
1691 4466 1832 4522 Ἰου-

189 4553 322 4611 δαῖοι
380 4556 498 4613 καθ’
556 4558 784 4625 ἑκάστην
844 4554 1037 4638 σχεδὸν
1096 4553 1484 4629 ἀπεπλύνοντο,
1534 4556 1621 4610 καὶ
1666 4553 1831 4620 οὕτως

189 4643 359 4712 ἤσθιον
395 4666 409 4681 ⁸

189 4732 483 4809 ὡμίλησαν,
548 4737 621 4799 ὡς
678 4736 961 4815 ἀκάθαρτοι
1022 4734 1212 4792 λοιπὸν
1268 4732 1417 4797 ὄντες
1484 4730 1826 4794 ἆπελούοντο.

194 4824 332 4880 Ἐπεὶ
364 4823 453 4880 οὖν
480 4828 513 4892 ἡ
560 4823 885 4893 Παλαιστίνη
918 4822 1133 4903 ἄνυδρος
1176 4824 1267 4902 ἦν,
1313 4824 1403 4879 καὶ
1445 4825 1539 4879 οὒκ
1578 4820 1643 4889 ἦν
1695 4822 1834 4887 πολτ-

196 4912 359 4992 λαχοῦ
416 4914 595 4993 πηγὰς
676 4915 957 4994 εὑρίσκειν,
1019 4911 1282 4991 ἐπλήρουν
1358 4910 1437 4966 ἀεὶ
1512 4911 1601 4975 τὰς
1664 4909 1837 4990 ὑδρίας

200 4999 396 5077 ὕδατος,
443 5003 579 5060 ὥστε
630 5004 709 5079 μὴ
752 5002 965 5083 τρέχειν
1019 5004 1092 5067 είς
1137 5001 1437 5076 ποταμοὺς,
1486 4998 1669 5056 εἴποτε
1703 4998 1831 5057 ἄκα-

470 4646 614 4726 οἷον,
651 4649 694 4703 εἰ
748 4647 944 4725 λεπροῦ
974 4644 1204 4725 ἥψαντο,
1244 4644 1287 4700 εἰ
1316 4651 1523 4720 νεκροῦ,
1557 4645 1601 4699 εί
1629 4642 1833 4722 γυναικὶ
1852 4682 1897 4732 D

1903 1965 2125 2027 hebant
2157 1986 2169 2028 :
2208 1991 2233 2019 ε(
2264 1966 2569 2040 Nondum,
2593 1966 2807 2048 inquit,
2835 1969 2991 2030 venit
3017 1970 3163 2031 hora
3188 1989 3340 2046 mea,
3382 1996 3401 2028 ι
3433 1973 3545 2035 hoc

1902 2064 2016 2135 est,
2050 2063 2446 2134 opportunum
2504 2064 2735 2137 tempus
2788 2059 3050 2119 nondum
3105 2058 3293 2124 adest.
3332 2067 3405 2123 At
3448 2061 3543 2122 hic

1902 2145 2097 2205 adhuc
2130 2157 2299 2221 urget
2325 2144 2451 2205 Arii
2482 2143 2665 2217 furor,
2703 2146 2801 2225 qui
2837 2156 3163 2208 monstrare
3194 2147 3397 2210 nititur
3425 2148 3543 2210 Do-

1906 2233 2128 2295 minum
2168 2232 2328 2293 horis
2347 2242 2400 2292 et
2429 2233 2793 2313 temporibus
2820 2234 3328 2298 subdituin.Disce
3348 2238 3543 2317 igitur,

1904 2342 1937 2382 ο
1985 2321 2320 2396 maledicte,
2358 2322 2514 2401 qnod
2548 2320 2600 2382 si
2631 2321 2839 2384 fuisset
2888 2324 3052 2385 horis
3096 2333 3154 2385 et
3180 2326 3545 2406 temporibus

1904 2410 2222 2489 subjectus.
2258 2410 2553 2490 quomodo
2599 2420 2801 2493 postea
2860 2414 3097 2474 fecisset
3150 2413 3546 2477 miraculum?

1903 2498 2762 2579 Oportebatenim,secundum
2788 2520 3130 2564 sermonem
3156 2512 3343 2579 tuum,
3367 2523 3545 2585 quan-

1904 2589 2222 2669 doquidem
2276 2588 2532 2650 serviret
2579 2588 2742 2651 horis
2772 2601 2829 2651 et
2860 2590 3248 2672 temporibus,
3286 2594 3545 2655 nondum

1906 2688 2099 2738 autem
2125 2680 2376 2740 venisset
2411 2678 2556 2739 hora
2587 2680 2741 2758 ejus,
2777 2688 2840 2740 ut
2884 2698 2999 2743 non
3034 2691 3231 2761 posset
3270 2685 3548 2744 miracula

1904 2768 2099 2828 facere
2134 2789 2146 2830 :
2182 2769 2282 2829 sed
2312 2767 2659 2829 miraculum
2694 2768 2867 2834 fecit:
2900 2788 3018 2831 non
3039 2770 3218 2849 igitur
3237 2772 3417 2834 servit
3447 2773 3548 2833 ho-

1901 2856 2002 2917 ris.
2046 2856 2189 2917 Vide
2221 2866 2441 2928 autem,
2470 2874 2596 2937 oro,
2634 2860 2932 2936 quomodo
2971 2876 3084 2920 non
3118 2878 3306 2937 usque
3354 2861 3429 2921 ad
3473 2862 3544 2921 ﬁ-

1904 2964 2064 3018 nem,
2100 2964 2291 3026 neque
2322 2964 2429 3025 per
2450 2946 2649 3007 omnia
2676 2946 2899 3007 resistit
2929 2947 3235 3020 matri,sed
3259 2967 3393 3009 cum
3417 2966 3545 3009 eam

1901 3052 2104 3112 parum
2140 3034 2602 3115 perstrinxisset,
2640 3036 2855 3096 iterum
2900 3053 3108 3116 preces
3153 3037 3283 3116 ejus
3312 3037 3543 3118 implet,

1898 3123 2199 3185 bonorans
2249 3125 2437 3206 illam,
2472 3133 2529 3186 et
2577 3124 2747 3186 nobis
2777 3125 2874 3187 dat
2914 3125 3163 3187 formam
3194 3126 3546 3190 reverentia

1842 3237 1881 3286 ο
1907 3231 2047 3292 erga
2072 3223 2369 3294 parentes.

1998 3304 2172 3363 Vens.
2204 3305 2337 3367 5-8.
2372 3326 2398 3362 ι
2434 3302 2588 3365 Dicit
2610 3303 2793 3366 Mator
2813 3305 2943 3383 ejus
2975 3304 3260 3366 ministris
3294 3327 3309 3366 :
3342 3306 3547 3380 Quod-

1913 3410 2144 3472 cunque
2170 3392 2383 3454 dixerit
2403 3392 2984 3468 vobis,facite.Erant
3005 3400 3204 3456 autem
3228 3394 3309 3455 ibi
3332 3395 3552 3476 hydria!

1910 3479 2160 3560 lapideae
2188 3499 2291 3543 sex
2311 3481 2514 3561 posita:
2530 3482 2859 3544 secundum
2888 3482 3554 3563 purificationemJudaa—

1912 3588 2106 3645 orum,
2133 3571 2434 3651 capientes
2458 3572 2707 3650 singulae
2738 3581 3015 3633 metretas
3039 3571 3208 3634 binas
3231 3592 3299 3635 ac
3324 3581 3548 3640 ternas.

1910 3657 2055 3721 Dicit
2092 3661 2362 3722 eisJesus
2398 3683 2410 3720 :
2454 3660 2705 3741 lmplete
2738 3660 2973 3741 hydrias
3001 3679 3173 3741 aqua.
3230 3661 3300 3724 Et
3337 3662 3551 3743 imple-

1915 3758 2123 3812 verunt
2155 3767 2255 3811 eas
2278 3769 2463 3831 usque
2492 3752 2561 3811 ad
2589 3769 2912 3811 summum.
2968 3751 3041 3813 Et
3068 3750 3208 3813 dicit
3238 3752 3364 3813 eis:
3394 3751 3552 3813 Hau-

1911 3838 2023 3900 rite
2055 3858 2236 3914 nunc,
2292 3849 2349 3901 et
2405 3840 2553 3902 ferte
2600 3839 3012 3901 architriclino
3049 3856 3064 3901 :
3101 3852 3161 3901 et
3208 3840 3491 3903 tulerunt.
3522 3868 3546 3896 ι

1913 3927 2195 3989 Ministris
2244 3927 2388 3989 dicit
2433 3931 2657 3990 Mater:
2699 3954 2726 3984 α
2773 3927 3071 4009 Quidquid
3104 3928 3319 3991 dixerit
3371 3928 3554 4006 vobis,

1916 4016 2113 4079 facile.
2180 4043 2205 4072 ιο
2257 4018 2444 4097 Atque
2505 4018 2582 4077 ita
2641 4035 2773 4078 cum
2831 4018 3017 4096 major
3077 4020 3246 4080 ﬁeret
3305 4021 3553 4097 petitio.

1918 4124 2171 4185 cumque
2229 4107 2619 4167 accessissent
2677 4116 2736 4168 et
2798 4106 2903 4185 illi,
2961 4123 3029 4166 ac
3099 4107 3443 4186 petissent:
3498 4117 3560 4169 ut

1918 4204 2280 4256 monstretur
2309 4194 2464 4275 quod
2518 4213 2634 4255 non
2674 4193 3038 4255 inlirmitatis
3089 4194 3265 4258 fuerit
3292 4196 3551 4275 repulsa,

1914 4284 2016 4344 sed
2050 4302 2124 4345 ne
2153 4284 2452 4347 videretur
2493 4300 2808 4344 accurrere
2855 4291 2914 4344 et
2961 4281 3239 4344 festinare
3265 4283 3338 4345 ad
3373 4285 3553 4347 mira-

1915 4372 2183 4433 culorum
2212 4371 2613 4450 operationem
2649 4378 2890 4451 propter
2940 4370 3391 4433 ostentationem
3417 4373 3559 4433 533

1915 4469 1970 4522 et
2000 4479 2206 4521 vanam
2232 4460 2505 4540 gloriam.
2539 4458 2813 4539 Lapideae
2855 4466 3051 4520 autem
3092 4458 3313 4539 hydria;
3341 4461 3412 4522 ad
3441 4481 3552 4542 pu-

1914 4549 2304 4611 riﬁcationem
2337 4547 2672 4610 Judmorum
2701 4548 2971 4611 aderant.
3001 4547 3190 4610 Judaei
3224 4548 3381 4610 enim
3436 4552 3554 4612 fer-

1918 4657 2013 4701 me
2034 4638 2282 4717 singulis
2307 4639 2469 4700 horis
2497 4636 2909 4712 abluebantur,
2945 4646 3003 4697 et
3022 4638 3107 4698 sic
3140 4638 3551 4702 comedebant:

1922 4736 1983 4789 ut
2011 4729 2058 4789 si
2084 4729 2411 4807 tetigissent
2458 4728 2781 4807 leprosum,
2817 4726 2905 4787 vel
2938 4735 3256 4802 mortuum,
3311 4728 3398 4789 vel
3427 4746 3554 4791 rem

1921 4817 2266 4879 habuissent
2312 4836 2445 4878 cum
2504 4816 2777 4889 muliere,
2817 4833 2880 4877 se
2916 4814 3207 4888 levabant,
3237 4816 3401 4896 quasi
3442 4819 3556 4879 im-

1921 4906 2126 4967 mundi
2156 4907 2367 4969 forent.
2405 4906 2624 4967 Etcum
2659 4904 2967 4967 Palaestina
2987 4903 3276 4985 inaquosa
3304 4905 3403 4984 sit,
3451 4924 3561 4968 nec

1925 4996 2144 5077 ubique
2175 4994 2557 5057 inveniantur
2585 4995 2795 5067 fontes,
2822 4993 3151 5075 implebant
3182 5012 3422 5074 semper
3451 4995 3560 5074 hy-

203 5096 367 5171 θαρτοι
426 5093 694 5172 γένοιντο.
760 5094 866 5150 Οὑκ
909 5090 1091 5156 ἁπλῶς
1146 5094 1233 5148 οὗν
1279 5090 1457 5170 εἶπεν,
1505 5088 1585 5145 δτι
1646 5114 1673 5145 «
1707 5090 1824 5146 κατε

1925 5087 2083 5148 drias
2104 5105 2274 5167 aqua,
2307 5094 2367 5146 ut
2387 5102 2502 5145 non
2527 5093 2839 5146 currerent
2863 5086 2933 5145 ad
2959 5083 3227 5163 ﬂumina,
3253 5083 3302 5145 si
3325 5086 3561 5166 quando

204 5182 286 5237 τὸν
336 5184 661 5262 καθαρισμὸν
714 5188 820 5239 τῶν
878 5180 1143 5238 Ἰουδαίων
1175 5198 1190 5213 ·
1245 5202 1269 5237 ι
1306 5177 1427 5235 ἀλλ’
1471 5178 1562 5235 ’ἕνα
1594 5181 1671 5255 μή
1699 5201 1837 5243 τινες

204 5274 297 5326 τὼν
350 5271 584 5328 ἀπίστων
638 5271 1062 5347 ὑποπτεύσωσιν,
1123 5268 1203 5326 ὅτι
1260 5268 1443 5348 τρυγία
1498 5289 1579 5330 τις
1610 5268 1679 5335 ἧν
1710 5267 1838 5325 ἂνα-

204 5360 504 5439 πομείνασα,
566 5363 686 5416 εἶτα
738 5367 831 5417 τοῦ
872 5358 1057 5423 ὕδατος
1103 5355 1478 5423 ἐπιϐληθέντος
1529 5358 1616 5412 καὶ
1672 5378 1836 5436 κερα-

206 5450 423 5523 σθέντος,
488 5449 639 5513 οἶνος
714 5448 1037 5515 λεπτότατος
1108 5447 1319 5529 γέγονε,
1389 5444 1670 5529 δείκνυσιν,
1746 5446 1835 5503 ὅτι

205 5537 435 5596 οὐδέποτε
492 5537 673 5596 iam:
716 5540 998 5618 γεγόνασιν
1030 5523 1425 5617 οἵνδυδοχεϊα.
1461 5523 1577 5615 Ἆρ’
1627 5523 1715 5592 οὑν
1744 5536 1838 5592 οὑκ

210 5627 416 5695 ἠδύνατο
456 5629 544 5686 καὶ
594 5630 765 5709 χωρὶς
818 5627 911 5687 τοῦ
965 5631 1279 5708 γεμισθῆναι
1330 5626 1424 5692 τὰς
1472 5622 1649 5705 ὑδρίας
1704 5622 1835 5682 ὑδα-

212 5742 308 5794 τιλς,
353 5717 738 5799 δημιουργῆσαι
823 5718 971 5776 οἶνον
1060 5716 1110 5784 ἐξ
1179 5717 1270 5774 οὑκ
1325 5715 1538 5788 ἅντωνς
1586 5710 1851 5803 Ἥδύνατοτ

298 5768 308 5794 Ἰ

1926 5174 2216 5236 immundi
2241 5172 2605 5235 ﬁerent.Non
2645 5182 2867 5234 temere
2888 5172 3065 5249 igitur
3098 5172 3262 5233 dixit:
3307 5192 3559 5235 osecun—

1922 5265 2059 5326 dum
2087 5263 2555 5345 puriﬁcationem
2581 5262 2974 5325 Judzeoruma
2987 5259 3103 5324 Sed
3127 5280 3202 5323 ne
3236 5262 3563 5324 inﬁdelium

1922 5352 2159 5433 quidam
2182 5351 2629 5431 suspicarentur
2650 5350 2807 5430 quod
2843 5349 3204 5411 mansissent
3233 5350 3294 5411 in
3316 5368 3385 5412 ea
3406 5350 3564 5412 faecis

1919 5440 2183 5523 quaedam
2198 5440 2542 5521 reliquiaaet
2558 5439 2695 5500 dein
2709 5457 2860 5520 aqua
2878 5438 3072 5500 infusa
3082 5446 3142 5499 et
3157 5438 3561 5514 mista,vinum

1924 5529 2142 5593 deinde
2164 5528 2573 5590 tenuissimum
2597 5527 2814 5589 factum
2844 5527 3214 5609 sit,ostendit
3242 5529 3399 5610 quod
3419 5548 3567 5592 nun-

1921 5638 2098 5703 quam
2128 5617 2231 5680 illa
2256 5616 2476 5681 fuerint
2498 5614 2620 5680 vini
2648 5614 3046 5698 receptacula.
3102 5619 3255 5699 tam,
3286 5636 3429 5682 num
3460 5637 3565 5699 po-

1924 5708 2031 5773 tuit
2084 5708 2258 5773 etiam
2318 5705 2538 5787 absque
2568 5724 2660 5771 eo
2701 5704 2868 5789 quod.
2900 5703 3295 5786 implerentur
3341 5705 3566 5786 hydri,»
