4060 6294
529 353 687 418 1195
1495 353 2094 416 THEOPHYLACTI
2137 353 2160 413 I

2244 349 2543 414 LGARIIE
2589 348 2944 413 ARCHIEP.
3771 351 3796 410 ι
3817 347 3960 411 190'

528 486 651 549 lem
687 506 701 551 :
738 505 872 548 nam
906 505 1038 548 cum
1075 487 1354 568 plura-ibi
1383 487 1590 549 fecerit
1613 489 1796 567 signa,
1834 487 1945 547 hoc
1975 495 2160 549 tamen

2258 486 2492 559 σημείων
2551 484 2710 564 αὕτη,
2762 484 2880 541 ἄλλ’
2929 487 3051 565 οῦχὶ
3081 486 3317 564 πάντων,
3363 483 3499 540 ἀλλὰ
3542 489 3650 539 τῶν
3689 483 3750 538 ἐν
3787 489 3968 551 Κπνᾷ

529 578 786 656 primum
818 575 948 639 fuit.
989 577 1062 639 Et
1085 577 1208 639 haec
1239 577 1482 658 quidem
1510 575 1592 638 illi
1619 576 1875 638 dixerint
1903 597 1916 639 :
1944 595 2052 637 nos
2075 595 2146 636 au

2256 575 2352 643 τῆς
2413 573 2715 638 Γαλιλαίας.
2783 576 3014 653 Διάφορα
3074 575 3195 653 γὰρ,
3255 575 3432 652 φησὶν.
3465 574 3721 648 θαύματα
3754 575 3960 638 ποι-ἥ-

531 674 648 726 tem
680 665 950 745 quamvis
1002 665 1184 727 multa
1229 665 1555 727 habeamus
1598 665 1670 726 ad
1726 666 2160 726 monstrandum

2257 686 2442 726 σαντος
2498 665 2551 719 ἐν
2622 670 2786 736 Κανᾷ,
2863 663 2996 730 αὕτη
3055 663 3191 720 ἐστὶν
3240 666 3273 730 ἢ
3331 663 3494 742 ἀρχή.
3564 664 3753 718 Ταῦτα
3837 664 3959 734 μὲ·-

528 754 686 835 quod
736 753 969 816 initium
1020 754 1193 816 fuerit
1253 753 1517 815 omnium
1569 754 1870 834 signorum
1930 755 2160 826 (etenim

2256 751 2401 808 sinat
2444 775 2524 817 τις
2557 753 2618 808 ἂν
2655 769 2667 782 ·
2715 756 2878 829 ἡμεῖς
2920 751 2998 825 δὲ,
3033 753 3200 808 καίτοι
3232 750 3404 806 πολλὰ
3434 751 3653 829 ἔχοντες
3693 752 3842 827 πρὸς
3885 752 3956 804 τὲι

527 861 662 905 cum
697 843 862 923 dicit,
901 870 919 899 ι
961 843 1345 906 Manifestavit
1373 843 1618 922 gloriam
1651 862 1839 918 suam,
1883 851 1940 904 et
1969 842 2160 904 credi-

2255 839 2444 920 δεῖξαι,
2506 840 2584 896 ὅτι
2639 843 2726 897 καὶ
2806 847 3017 897 πάντων
3102 847 3207 896 τῶν
3271 841 3504 913 σημείων
3563 840 3715 895 ἔστὶν
3777 840 3956 916 ἀρχθ-

527 933 742 994 derunt
764 933 824 993 in
858 951 991 995 eum
1017 932 1294 1013 discipuli
1325 935 1478 1014 ejus,
1517 959 1541 988 ι
1580 933 1800 994 indicat
1849 933 2003 1012 quod
2035 942 2160 993 ante

2259 931 2512 1010 (καὶγὰρ
2567 933 2653 1010 τὸ,
2705 955 2729 985 u
2799 930 3132 1010 Ἐφανέρωσε
3197 931 3296 996 τὴν
3352 928 3499 994 δόξαν
3584 928 3778 999 αὖτοῦ,
3847 925 3952 980 καὶ

2255 1021 2315 1074 τὸ
2364 1043 2391 1072 ε
2443 1021 2781 1076 Ἐπίστευσαν
2863 1021 2935 1083 εἷς
3014 1021 3168 1077 αὐτὸν
3227 1020 3273 1074 οἱ
3347 1017 3579 1092 μαθηταί
3642 1020 3846 1093 αῦτοὸ,
3920 1037 3942 1067 ι

527 1021 639 1084 hoc
663 1041 780 1084 non
810 1022 1016 1106 fecerit
1040 1022 1387 1106 miraculum
1421 1023 1605 1097 aliud,
1636 1022 1708 1084 ab
1733 1023 1830 1082 illo
1865 1023 2023 1083 enim
2055 1040 2174 1082 ma-

529 1111 823 1173 nifestavit
850 1098 1092 1190 gloriam
1126 1103 1335 1185 suam),
1364 1119 1623 1174 attamen
1656 1130 1774 1171 non
1807 1109 2171 1190 disceptabi-

531 1219 684 1273 mus,
741 1202 862 1262 sive
921 1201 1028 1261 hoc
1060 1199 1183 1261 sive
1213 1200 1370 1262 aliud
1419 1201 1596 1262 fuerit
1643 1202 1824 1281 prius.
1861 1200 2170 1273 Quomodo

529 1299 722 1351 autem
759 1287 1149 1350 manifestavit
1179 1288 1421 1367 gloriam
1453 1307 1619 1349 suam
1644 1287 1674 1344 ‘?
1719 1289 1848 1350 Non
1878 1288 2045 1349 multi
2077 1288 2168 1347 in-

527 1379 881 1451 terfuerunt,
910 1396 1104 1457 neque
1135 1395 1333 1438 coram
1364 1378 1577 1458 populo
1627 1377 1733 1438 fuit
1764 1379 2006 1440 factum.
2044 1379 2167 1441 Ve-

523 1485 658 1529 rum
691 1465 929 1548 quidem
964 1485 1080 1527 non
1117 1477 1278 1541 tunc,
1315 1467 1417 1528 sed
1446 1475 1648 1548 postea
1677 1467 2022 1528 miraculum
2057 1465 2167 1528 hoc

526 1555 784 1618 audituri
816 1567 986 1618 erant
1014 1573 1248 1628 omnes,
1283 1555 1443 1617 unde
1486 1574 1671 1635 usque
1731 1558 1787 1618 in
1820 1555 1977 1618 hunc
2011 1555 2169 1616 diem

2255 1106 2629 1187 ἑνδείκνυνται,
2716 1108 2797 1164 ὁτι
2887 1107 3065 1186 ἕτερον
3141 1110 3241 1182 πρὸ
3321 1107 3503 1164 τούτου
3569 1109 3756 1179 θαῦμα
3836 1105 3948 1159 οῦκ

2253 1198 2501 1262 εποίησεν
2536 1214 2550 1227 ⁸
2631 1196 2722 1253 ἀπ’
2801 1197 2997 1253 ἐκέίνου
3071 1197 3171 1273 γὰρ
3238 1195 3532 1274 ἐφανέρωσε
3583 1197 3684 1262 τήν
3765 1192 3944 1256 δόξαν.

2255 1285 2453 1365 αὐτοῦ),
2514 1286 2662 1361 ὅμως
2721 1291 2779 1345 οὐ
2836 1284 3203 1364 διαφερόμεθα,
3253 1285 3365 1340 εἴτε
3413 1291 3562 1340 τοῦτο
3621 1284 3936 1361 πρότερον,

2254 1373 2364 1429 εἴτε
2419 1375 2597 1454 ἕτερον
2643 1376 2851 1454 γέγονε,
2912 1375 3030 1436 Πῶς
3062 1373 3114 1429 δὲ
3164 1373 3260 1450 ἄρα
3291 1373 3588 1451 ὲφανέρωσε
3620 1374 3724 1439 τὴν
3764 1371 3941 1435 δόξαν

2257 1462 2460 1542 αὑτοῦ;
2523 1463 2649 1522 Οῦδὲ
2719 1467 2818 1543 γὰρ
2876 1463 3063 1521 πολλοὶ
3120 1476 3415 1541 προσεῖχον
3467 1470 3542 1535 τῷ
3604 1463 3934 1537 γενομένῳ,

2256 1549 2371 1608 οῦδὲ
2431 1554 2658 1610 ὶνώπιον
2714 1552 2884 1626 δήμου
2939 1554 3177 1632 γέγονεν.
3233 1551 3380 1608 Ἀλλ’
3437 1554 3480 1608 εἰ
3523 1554 3610 1607 καὶ
3635 1553 3722 1626 μὴ
3773 1552 3932 1616 τότε,

530 1645 883 1719 celebratur,
931 1653 990 1708 et
1031 1647 1089 1705 in
1139 1645 1373 1706 occulto
1413 1663 1529 1706 non
1555 1653 1666 1707 est.
1695 1643 1860 1719 Quod
1889 1654 2082 1707 autem
2116 1655 2160 1706 el

2256 1638 2376 1695 ἀλλ’
2431 1641 2643 1721 ὕστερον
2687 1641 2912 1718 ἔμελλον
2968 1645 3030 1697 τὸ
3068 1644 3241 1717 θαῦμα
3283 1641 3592 1697 ἀκούσεσθαι
3652 1641 3872 1699 πάντες
3921 1658 3931 1666 '

524 1735 800 1814 discipuli
851 1735 980 1814 ejus
1024 1734 1393 1795 crediderint
1431 1735 1488 1795 in
1549 1754 1709 1808 eum,
1763 1735 1846 1797 ita
1879 1735 2160 1814 intellige.

2258 1727 2372 1785 ὅθεν
2425 1733 2512 1786 καὶ
2557 1733 2719 1810 μέχρι
2777 1740 2867 1788 τοῦ
2923 1733 3009 1786 νῦν
3067 1729 3266 1802 ᾅδεται,
3315 1733 3400 1786 καὶ
3443 1734 3502 1787 οῦ
3553 1729 3802 1784 διέλαθε.
3854 1735 3936 1787 τε

2262 1815 2303 1836 ἢκ
2482 1821 2531 1836 ,ο
2655 1825 2677 1836 Α
2791 1823 2804 1836 \
2889 1821 2902 1836 9
2982 1828 3002 1836 .-
3040 1821 3052 1836 ι
3111 1823 3120 1836 ι
3413 1822 3427 1836 1
3527 1822 3539 1836 9
3587 1822 3596 1834 ι
3816 1827 3838 1836 η.

526 1826 682 1905 quod
719 1823 895 1884 tidem
939 1824 1287 1904 ampliorem
1323 1833 1380 1885 et
1411 1824 1737 1885 firmiorem
1782 1824 2122 1905 acceperint
2156 1845 2168 1885 :

524 1914 662 1994 quia
709 1922 768 1974 et
816 1913 980 1994 prius
1014 1913 1256 1994 quidem
1315 1914 1720 1992 crediderant,
1767 1914 1871 1975 sed
1903 1932 2021 1976 non
2054 1921 2170 1974 tam

521 2002 791 2066 firmiter.

605 2094 793 2156 Vens.
829 2093 1033 2154 12-17.
1073 2117 1096 2145 α
1136 2093 1276 2151 Post
1297 2091 1420 2153 haec
1461 2092 1776 2156 descendit
1803 2095 2170 2173 Capernaum

521 2183 652 2262 ipse
675 2191 733 2243 et
757 2190 943 2243 mater
968 2181 1186 2259 ejus,et
1205 2180 1420 2242 fratres
1443 2183 1595 2261 ejus,
1626 2192 1683 2243 et
1715 2181 1990 2262 discipuli
2017 2183 2168 2261 ejus,

523 2269 674 2333 etibi
697 2279 1048 2333 manserunt
1072 2289 1187 2330 non
1215 2270 1414 2330 multis
1437 2271 1748 2334 diebus.Et
1767 2272 1824 2332 in
1839 2271 2170 2352 propinquo

522 2370 652 2423 erat
683 2362 909 2422 Pascha
931 2359 1361 2438 Judaeorum,et
1388 2360 1658 2422 ascendit
1682 2359 1855 2422 Iesus
1888 2362 2168 2422 Hieroso-

521 2451 771 2528 lyma,et
801 2449 1022 2529 reperit
1045 2449 1101 2507 in
1122 2449 1340 2528 templo
1360 2468 1459 2510 eos
1483 2451 1580 2529 qui
1605 2450 1941 2511 vendebant
1965 2451 2162 2524 boves,

521 2549 579 2600 et
610 2557 770 2613 oves,
807 2549 865 2598 et
896 2535 1224 2609 columbas,
1253 2545 1310 2596 et
1333 2537 1761 2600 nummularios
1792 2537 2168 2599 sedentes.Et

520 2646 654 2688 cum
689 2627 925 2687 fecisset
948 2625 1247 2704 flagellum
1274 2642 1305 2684 e
1328 2625 1856 2702 funiculis,omnes
1879 2627 2056 2706 ejecit
2090 2627 2164 2689 de

521 2715 764 2795 templo,
796 2732 934 2776 oves
967 2713 1141 2774 simul
1175 2730 1242 2773 ac
1283 2713 1482 2786 boves,
1539 2723 1600 2776 et
1632 2717 2159 2778 nummulariorum

522 2805 728 2866 effudit
753 2823 854 2885 aas,
883 2821 1238 2882 mensasque
1279 2802 1587 2876 subvertit,
1614 2813 1671 2866 et
1701 2804 1770 2867 iis
1795 2805 1896 2886 qui
1928 2808 2160 2868 colum-

521 2893 626 2955 bas
651 2892 1007 2964 vendebant,
1044 2891 1189 2953 dixit
1217 2915 1226 2949 :
1255 2891 1499 2954 Auferte
1525 2893 1635 2954 ista
1659 2894 1817 2968 hinc,
1853 2913 1962 2957 nec
1992 2896 2164 2957 facile

515 2983 759 3045 domum
783 2981 970 3044 Patris
993 2981 1362 3041 meidomum
1384 2982 2014 3046 mercatus.Recordati
2030 3005 2163 3047 vero

516 3081 655 3134 sunt
677 3071 951 3150 discipuli
974 3071 1103 3149 ejus
1125 3070 1278 3148 quod
1304 3070 1590 3149 scriptum
1612 3081 1722 3133 est:
1755 3072 1928 3134 Zelus
1949 3074 2163 3135 domus

517 3171 631 3224 tua;
647 3161 843 3223 exedit
859 3159 1028 3222 mem.
1044 3157 1461 3219 nDescenditin
1477 3159 2158 3241 CapernaumDominus,

520 3270 633 3314 non
667 3251 910 3312 alterius
941 3267 1084 3309 usus
1131 3247 1342 3324 gratia,
1392 3268 1570 3328 quam
1623 3259 1685 3310 ut
1717 3262 1961 3313 matrem
1995 3272 2160 3315 suam

514 3341 637 3402 illic
669 3339 935 3402 residere
965 3338 1279 3411 faceret,ut
1303 3355 1376 3397 ne
1401 3337 1560 3399 illam
1586 3338 1803 3420 ubique
1827 3351 1955 3422 post
1970 3361 2034 3404 se
2052 3351 2162 3404 tra-

513 3431 707 3492 heret.
736 3427 1024 3501 Quoniam
1051 3425 1207 3486 enim
1235 3427 1303 3486 ad
1335 3427 1573 3505 nuptias
1590 3439 1874 3490 venerant
1896 3430 1955 3490 in
1979 3429 2157 3513 Cana,

516 3519 735 3599 nuptiis
765 3516 985 3578 habitis
1009 3515 1248 3576 adducit
1273 3523 1522 3576 matrem
1550 3516 1610 3577 in
1634 3517 1875 3579 domum
1901 3538 2067 3583 suam
2103 3523 2156 3583 in

511 3610 907 3687 Capernaum.
934 3605 1307 3667 Manifestum
1335 3612 1534 3665 autem
1561 3607 1713 3686 quod
1742 3617 1989 3688 propter
2009 3611 2158 3671 hanc

512 3713 746 3758 causam
781 3693 1157 3755 descenderit
1181 3693 1236 3751 in
1271 3692 1741 3771 Capernaum,ex
1766 3716 1834 3758 eo
1859 3700 2016 3778 quod
2053 3720 2158 3762 ne-

513 3804 628 3866 que
660 3783 860 3844 multis
893 3782 1014 3842 illic
1040 3779 1314 3842 manebat
1342 3781 1776 3865 diebus,neque
1807 3789 2156 3850 miraculum

511 3875 634 3936 illic
665 3874 940 3936 faciebat.
982 3871 1278 3934 Increduli
1331 3872 1486 3932 enim
1546 3885 1714 3936 erant
1746 3878 1878 3956 ejus
1909 3879 2161 3942 civitatis

509 3965 643 4028 viri.
677 3961 980 4024 li561deo
1015 3970 1070 4022 et
1093 3959 1207 4021 alio
1242 3960 1370 4020 loco
1402 3959 1693 4025 Dominus
1719 3983 1846 4026 eam
1882 3967 2157 4030 miseram

510 4073 642 4115 esse
674 4050 903 4114 dicit“.
943 4050 1105 4123 Quod
1157 4059 1350 4109 autem
1418 4049 1561 4112 dicit
1591 4055 1949 4132 evangelista
1979 4057 2159 4121 fuisse

512 4161 696 4222 prope
726 4140 974 4218 Pascha,
1001 4139 1262 4200 ostendit
1289 4136 1448 4216 quod
1483 4159 1598 4200 non
1623 4149 1759 4202 ante
1790 4143 2004 4205 multos
2032 4145 2160 4207 dies

509 4231 747 4293 Paschaa
768 4230 883 4292 fueu
903 4231 947 4290 it
971 4228 1313 4308 baptizatus.
1353 4225 1534 4288 Porro
1561 4228 1659 4291 ubi
1682 4231 1950 4292 ascendit
1971 4233 2028 4294 in
2055 4235 2155 4296 .le-

510 4319 792 4393 rusalem,
822 4337 945 4380 rem
980 4319 1116 4378 fecit
1150 4332 1375 4393 magnae
1404 4317 1793 4382 auctoritatis.
1820 4321 2158 4384 Vendentes

508 4409 668 4471 enim
696 4428 834 4470 oves
865 4418 922 4469 et
946 4407 1126 4469 boves
1147 4405 1340 4482 ejecit.
1377 4406 1502 4467 Jam
1531 4408 1689 4488 quod
1722 4410 1939 4471 factum
1965 4413 2076 4473 hoc
2099 4423 2155 4474 et

505 4498 811 4561 Matthaaus
832 4506 1260 4559 commemorat
1309 4494 1383 4568 ⁵9,
1420 4496 1571 4558 scias
1613 4499 1767 4577 quod
1819 4518 1934 4560 non
1967 4503 2151 4564 semel

505 4586 618 4647 hoc
645 4587 914 4650 Christus
939 4584 1278 4653 fecerit,sed
1311 4584 1422 4645 hoc
1449 4584 1602 4664 quod
1651 4588 1956 4648 Matthaaus
1984 4607 2150 4653 com-

509 4675 967 4750 memorat,fecit
990 4691 1173 4754 prope
1197 4681 1428 4752 tempus
1452 4673 1929 4755 passionis,quod
1953 4690 2148 4740 autem

505 4766 658 4843 apud
689 4763 1006 4842 Joannem,
1041 4763 1099 4822 in
1132 4761 1374 4822 exordio
1425 4762 1754 4838 signorum.
1793 4763 2016 4826 Idcirco
2041 4768 2153 4829 hoc

505 4853 638 4914 loco
670 4853 865 4914 minus
887 4870 1095 4931 aspere
1117 4850 1261 4911 dixit
1292 4869 1303 4908 :
1329 4848 1445 4910 «Ne
1474 4851 1734 4911 feceritis
1767 4853 2006 4915 domum
2046 4859 2150 4916 I’a-

505 4940 610 5002 tris
646 4945 786 5014 mei,
819 4942 1060 5003 domum
1096 4949 1449 5000 mercatus.»
1487 4938 1723 5001 Initium
1758 4942 1917 5003 enim
1951 4945 2152 5024 signo-

503 5049 636 5092 rum
656 5031 851 5092 adhuc
882 5038 1095 5109 erat,et
1126 5028 1388 5088 nondum
1425 5037 1582 5089 tanta
1611 5030 1916 5105 signorum
1950 5043 2152 5096 osten-

505 5138 704 5182 sorum
739 5129 864 5181 erat
892 5119 1227 5181 auctoritas.
1254 5116 1382 5179 Illic
1412 5128 1606 5179 autem
1633 5120 1786 5198 apud
1814 5123 2149 5184 Matthaeum

504 5209 671 5284 dicit,
713 5233 734 5266 ιι
763 5207 890 5271 Non
924 5208 1118 5283 facite,
1150 5207 1362 5288 inquit,
1384 5209 1728 5287 speiuncam
1762 5209 2078 5272 latronum.
2123 5237 2144 5270 ιο

505 5298 812 5360 Manifeste
843 5297 1002 5359 enim
1037 5297 1170 5358 illos
1219 5297 1485 5358 latrones
1514 5297 1854 5372 nominavit,
1892 5302 2046 5380 quod
2080 5321 2148 5363 ex

2257 1815 2332 1891 δὲ,
2400 1842 2426 1873 α
2476 1821 2533 1877 Οἱ
2577 1823 2807 1895 μαθηταὶ
2850 1821 3008 1878 αὐτοῦ
3037 1821 3342 1876 ἐπίστευσαν
3386 1822 3456 1884 εἷς
3487 1822 3665 1884 αὺτὸν,
3699 1840 3738 1876 ι
3780 1827 3936 1876 οὕτω

2256 1908 2472 1981 νόησον,
2533 1908 2644 1964 ἂντὶ
2701 1909 2814 1984 τοῦ,
2863 1911 3037 1965 πίστιν
3087 1908 3460 1988 περισσοτέραν
3503 1910 3590 1964 καὶ
3620 1906 3929 1983 βεϐαιοτέ-

2255 2019 2349 2074 ραν
2410 1996 2597 2056 ἔλαϐον
2666 2001 2738 2062 εἷς
2810 1998 2963 2056 αὐτόν
3001 2013 3013 2028 ·
3064 1998 3176 2054 ἐπεὶ
3233 1999 3320 2053 καὶ
3376 1998 3626 2076 πρότερον
3685 1998 3929 2058 πάντως

2255 2087 2548 2168 ἐπίστευον,
2579 2087 2699 2144 ἀλλ’
2726 2089 2827 2168 οὔχ
2857 2089 2994 2146 οὕτω
3016 2086 3264 2166 βεϐαίως.

2341 2199 2364 2233 α
2417 2179 2559 2233 Μετὰ
2594 2185 2745 2234 τοῦτο
2783 2176 2982 2244 κατέϐη
3038 2179 3110 2241 εἷς
3157 2178 3504 2256 Καπερναοῦμ
3563 2180 3749 2251 αῦτὸς,

2253 2269 2286 2335 ἡ
2333 2268 2514 2347 μήτηρ
2557 2269 2733 2347 αὑτοῦ,
2793 2270 2876 2323 καὶ
2935 2270 2981 2323 οἱ
3037 2264 3246 2347 ἀδελφοὶ
3291 2267 3468 2338 αὐτοῦ,
3519 2269 3606 2322 καὶ
3636 2270 3682 2322 οἱ
3714 2272 3918 2340 μαθη-

2252 2358 2335 2412 ταὶ
2381 2361 2534 2415 αὐτοῦ
2569 2372 2583 2385 ⁸
2629 2359 2715 2413 καὶ
2773 2356 2886 2412 ἐκεῖ
2945 2357 3155 2432 ἔμειναν
3203 2360 3263 2414 οῦ
3288 2355 3491 2419 πολλὰς
3520 2357 3752 2433 ἡμέρας.
3813 2361 3918 2414 Καὶ

2250 2444 2405 2525 ἐγγύς
2462 2445 2526 2512 ἦν
2584 2448 2643 2502 τό
2701 2447 2895 2525 Πάσχα
2966 2451 3070 2501 τῶν
3141 2443 3424 2523 Ἰουδαίων,
3483 2447 3568 2500 καὶ
3611 2444 3787 2511 ἀνέῧη
3837 2449 3915 2504 εἰς

2255 2521 2588 2609 Ἰεροσόλυμα
2646 2535 2673 2589 ὃ
2731 2521 2957 2601 Ἰησοῦς.
3010 2535 3106 2591 Καὶ
3164 2536 3306 2612 εὗρεν
3362 2521 3420 2588 ἓν
3474 2540 3548 2607 τῷ
3605 2535 3732 2611 ἱερῷ
3784 2538 3911 2594 τοὺς

2248 2620 2557 2685 πωλοῦντας
2634 2623 2786 2703 βόας,
2875 2625 2961 2678 καὶ
3045 2619 3305 2701 πρόϐατα,
3382 2623 3468 2677 καὶ
3553 2625 3899 2701 περιστερὰς⁵

2245 2714 2332 2766 καὶ
2408 2733 2529 2774 τους
2615 2713 2967 2791 κερματιστὰς
3050 2711 3406 2786 καθημένους.
3492 2713 3585 2770 Καὶ
3664 2714 3900 2781 ποιήσας

2246 2798 2595 2878 φραγγέλλιον
2659 2800 2715 2856 ἐκ
2770 2801 3044 2880 σχοινίων,
3110 2801 3308 2864 πάντας
3367 2797 3605 2864 εξέϐαλεν
3691 2801 3750 2855 ἐκ
3809 2807 3894 2856 τοῦ

2245 2891 2404 2968 ἱεροῦ,
2459 2888 2525 2944 τά
2580 2910 2636 2945 τε
2677 2888 2934 2969 πρόϐατα,
2979 2891 3067 2946 καὶ
3125 2891 3242 2953 τοὺς
3289 2890 3416 2965 βόας
3449 2906 3464 2922 ⁸
3511 2890 3735 2945 καὶτῶν
3763 2888 3880 2944 κολ-

2247 2975 2504 3034 λυϐιστιῦν
2548 2978 2726 3059 ἐξέχεε
2756 2981 2816 3035 τὸ
2849 2980 3040 3058 κέρμα,
3072 2981 3159 3035 καὶ
3187 2980 3282 3042 τὰς
3313 2980 3572 3056 τραπέζας
3615 2978 3884 3056 ἀνέτρεψε,

3684 3068 3700 3089 ’
3715 3059 3882 3146 Ἀρατε

3832 2180 3927 2234 καὶ

2247 3068 2334 3123 καὶ
2391 3080 2510 3131 τοῖς
2566 3069 2660 3130 τὰς
2717 3069 3024 3148 περιστερὰς
3081 3067 3351 3124 πωλοῦσιν
3416 3068 3570 3124 εἶπεν
3602 3087 3619 3104 ·

2247 3163 2408 3213 ταῦτα
2451 3156 2705 3231 ἐντεῦθεν,
2761 3161 2848 3214 καὶ
2906 3159 2985 3233 μὴ
3029 3171 3234 3215 ποιεῖτε
3290 3161 3380 3215 τὸν
3436 3159 3590 3215 οἷκον
3636 3170 3732 3218 τοῦ
3779 3165 3886 3214 Πα-

2246 3245 2366 3319 τρός
2419 3268 2518 3322 μου
2572 3251 2724 3304 οἷκον
2782 3247 3055 3327 ἐμπορίου,
3117 3248 3492 3321 Ἐμνήσθησαν
3533 3245 3587 3302 δὲ
3615 3251 3666 3303 οἱ
3711 3252 3886 3324 μαθη-

2244 3335 2329 3390 ταὶ
2386 3336 2563 3408 αὐτοῦ,
2631 3335 2711 3391 ὅτι
2763 3337 3129 3414 γεγραμμένον
3185 3338 3327 3393 εστίν
3362 3351 3375 3365 ⁸
3442 3327 3498 3394 Ὀ
3563 3336 3727 3407 ζῆλος
3800 3346 3889 3394 τοῦ

2245 3422 2399 3480 οἴκου
2453 3447 2546 3481 σου
2601 3425 2865 3504 κατέφαγέ
2923 3447 3013 3500 με,
3058 3446 3088 3486 ι
3151 3425 3479 3506 Κατέρχεται
3539 3429 3612 3489 εἷς
3681 3437 3889 3506 Rump-

2244 3514 2410 3588 ναοῦμ
2466 3515 2494 3569 ὁ
2554 3514 2766 3592 Κύριος,
2800 3513 3043 3577 οὐδεμιᾶς
3093 3512 3261 3582 ἄλλης
3310 3515 3492 3594 γραίας
3523 3514 3719 3590 ἕνεκεν,
3765 3515 3886 3571 ἀλλ’

2242 3602 2278 3670 ἢ
2359 3609 2449 3660 τοῦ
2533 3605 2969 3670 ἀποκαταστῆσαι
3049 3604 3146 3671 τὴν
3235 3605 3441 3684 μητέρα
3511 3608 3664 3662 αὐτοῦ
3744 3610 3882 3681 εκεῖ,

2241 3691 2332 3747 ’ἕνα
2383 3691 2459 3766 μὴ
2515 3700 2794 3772 πανταχοῦ
2826 3693 2988 3760 αὐτὴν
3015 3693 3328 3772 ἐφέλκηται.
3376 3693 3522 3751 Ἐπεὶ
3553 3697 3649 3773 γὰρ
3683 3693 3765 3750 διὰ
3801 3699 3888 3752 τὸν

2242 3781 2413 3859 γάμον
2471 3779 2631 3848 ἦλθον
2660 3783 2733 3845 εἷς
2767 3788 2932 3862 Κανᾶ,
2990 3789 3084 3838 τοῦ
3143 3783 3314 3860 γάμου
3370 3782 3739 3862 παρελθόντος,
3790 3787 3888 3842 ἰπ-

2243 3871 2424 3947 ανάγει
2468 3871 2568 3938 τὴν
2614 3869 2818 3949 μητέρα
2849 3872 2921 3934 εἷς
2953 3875 3042 3926 τὸν
3101 3870 3152 3926 ἐν
3207 3874 3552 3951 Καπερναοὺμ
3582 3874 3740 3931 οἶκον
3791 3879 3885 3932 αῦ-

2241 3963 2364 4025 τῆς,
2425 3958 2597 4027 Δῆλον
2657 3957 2710 4015 δὲ
2754 3967 2927 4033 τοῦτο,
2976 3960 3055 4016 ὅτι
3087 3960 3170 4016 διὰ
3199 3961 3394 4029 ταύτην
3423 3963 3520 4028 τὴν
3548 3964 3717 4022 αἰτίαν
3749 3988 3883 4021 κατ·

2243 4046 2338 4115 έϐη
2398 4051 2471 4114 εἰς
2537 4051 2909 4130 Καπερναοῦμ,
2983 4050 3042 4106 ἐκ
3099 4058 3189 4107 τοῦ
3247 4053 3383 4125 μήτε
3443 4050 3640 4116 πολλὰς
3703 4069 3882 4129 μεῖναι

2244 4139 2360 4194 ἐκεῖ
2411 4139 2639 4218 ἡμέρας,
2695 4141 2831 4213 μήτε
2873 4141 3111 4213 θαύματα
3163 4142 3215 4195 εν
3264 4140 3394 4215 αὐτῇ
3443 4146 3688 4209 ποιῆσαι,
3728 4142 3882 4201 Ἀπί-

2243 4250 2378 4293 στως
2439 4231 2537 4306 γὰρ
2597 4233 2754 4309 εἶχον
2811 4232 2942 4306 πρὸς
2989 4231 3144 4286 αὐτὸν
3200 4233 3246 4286 οἱ
3315 4231 3414 4297 τὴν
3472 4229 3626 4288 πόλιν
3687 4235 3882 4300 ταύτην

2241 4319 2500 4381 οἰκοῦντες
2538 4337 2550 4350 ⁸
2614 4317 2693 4374 διὸ
2751 4320 2838 4374 καὶ
2885 4316 3180 4397 ἁλλαχοῦὸ
3234 4320 3416 4398 Κύριος
3461 4319 3725 4392 ταλανίζει
3789 4325 3880 4380 αὖ·

2239 4407 2359 4472 τὴν,
2419 4409 2516 4462 Διὰ
2559 4405 2613 4462 δὲ
2668 4415 2760 4464 τοῦ
2817 4409 2984 4463 εἰπεῖν
3041 4410 3068 4462 ὁ
3141 4407 3544 4487 εὖαγγελιττὴς,
3589 4410 3668 4467 ὅτι
3712 4437 3735 4467 ε
3790 4407 3879 4471 Ἠν

2236 4496 2392 4573 ἐγγὺς
2439 4498 2499 4552 τὸ
2527 4497 2745 4576 Πάσχα,
2796 4521 2823 4552 n
2858 4494 3110 4553 δείκνυσιν
3140 4495 3220 4552 ὅτι
3252 4501 3312 4556 οῦ
3364 4501 3464 4578 πρὸ
3492 4499 3709 4556 πολλῶν
3742 4506 3876 4581 ἡμεο

2237 4592 2338 4664 ρῶν
2382 4589 2474 4642 τοῦ
2529 4587 2724 4665 Πάσχα
2781 4584 3118 4646 ἐϐαπτίσατο.
3180 4583 3437 4645 Ἀνελθὼν
3481 4587 3534 4644 δὲ
3605 4593 3676 4655 εἷς
3717 4585 3876 4672 Ἰερο-

2237 4673 2462 4749 σόλυμα,
2519 4689 2666 4732 ποιεῖ
2715 4683 2932 4754 πρᾶγμα
2977 4674 3178 4742 πολλῆς
3229 4679 3494 4743 αὒθεντίας
3523 4683 3713 4758 γέμον,
3751 4688 3877 4746 τοὺς

2236 4765 2333 4841 γὰρ
2372 4763 2679 4825 πωλοῦντας
2711 4766 2774 4820 τὰ
2800 4763 3059 4844 πρόϐατα,
3106 4768 3190 4821 καὶ
3242 4767 3362 4831 τοὺς
3418 4769 3571 4844 βόας,
3606 4769 3873 4834 ἐκϐάλλει,

2243 4854 2295 4909 Εἰ
2325 4850 2377 4907 δὲ
2410 4854 2496 4908 καὶ
2529 4855 2556 4909 ὁ
2615 4853 2883 4916 Ματθαῖός
2939 4876 3066 4934 φησι
3116 4858 3268 4911 τοῦτο
3318 4863 3660 4925 πεποιηκέναι
3698 4864 3875 4941 αὺτὸν,

2240 4939 2354 4997 ἄλλ’
2418 4941 2524 4997 tam
2579 4944 2650 5006 ὡς
2696 4947 2798 5021 οὐχ
2848 4943 2983 5008 ἅπαξ
3027 4952 3180 5001 τοῦτο
3222 4945 3492 5022 ἐποίησεν,
3528 4947 3661 5004 ἀλλὰ
3688 4955 3756 5008 τὸ
3788 4939 3878 5029 μὲν

2237 5032 2376 5108 παρὰ
2434 5038 2510 5105 τῷ
2559 5035 2828 5106 Ματθαίῳ,
2891 5032 3045 5112 ἐγγὺς
3089 5036 3182 5090 τοῦ
3236 5036 3430 5100 πάθους
3488 5052 3632 5095 ποιεῖ
3666 5056 3678 5067 ’
3715 5045 3784 5100 τὸ
3831 5043 3878 5098 δὲ

2238 5128 2323 5177 νῦν
2382 5122 2520 5198 παρὰ
2563 5129 2638 5194 τῷ
2669 5121 2915 5196 ἰωαίνντη
2946 5130 3050 5179 τιῦν
3095 5125 3328 5199 σημείων
3386 5125 3684 5207 ἀρχόμενος
3727 5149 3741 5162 ·
3808 5132 3881 5188 διὸ

2236 5211 2452 5268 ἐνταῦθα
2495 5210 2790 5291 ἀφειμένως
2850 5215 2970 5268 εἷπε
3006 5230 3021 5246 ·
3075 5232 3104 5270 (
3157 5214 3244 5280 Μὴ
3317 5230 3522 5273 ποιεῖτε
3581 5219 3670 5274 τὸν
3730 5227 3879 5278 οἷκον

2236 5308 2324 5356 τοῦ
2378 5301 2582 5378 Πατρός
2645 5322 2766 5379 μου,
2813 5301 2966 5357 οἶκον
2999 5301 3270 5381 ἐμπορίου.
3306 5327 3332 5357 υ
3371 5303 3544 5386 Ἀρχὴ
3592 5310 3690 5388 γὰρ
3747 5314 3880 5374 τέως

506 5385 747 5464 injustis
769 5385 960 5446 modis
977 5384 1206 5446 lucrum
1226 5384 1510 5444 facerent.
1546 5381 1791 5455 Quando
1824 5389 1980 5448 enim
2017 5391 2148 5470 quis

2244 5392 2294 5458 ἦν
2352 5396 2456 5446 τῶν
2515 5391 2775 5465 σημείων,
2836 5392 2920 5446 καὶ
2981 5389 3127 5448 οὔπω
3183 5394 3411 5460 τοσαύτη
3494 5395 3763 5476 παῤῥησὶα
3823 5401 3882 5468 ἦν

515 5520 518 5522 ’
583 5546 644 5592 67
671 5546 826 5606 Pal.
867 5560 1034 5614 mu,
1077 5548 1166 5607 IU.
1254 5545 1317 5592 68
1345 5544 1488 5605 Luc.
1524 5565 1578 5607 Χ.
1629 5555 1714 5609 li).

1805 5550 1868 5598 69
1895 5547 2098 5611 Matth.
2135 5566 2255 5618 xxx,
2293 5547 2384 5609 ιε.
