4116 6318
326 423 395 486 97
915 422 1357 500 ENARRATIO
1399 423 1482 487 IN
1529 422 2040 488 EVANGELIUM
2086 426 2423 494 JOANNIS.
2472 462 2549 474 —
2595 430 2761 492 CAP.
2806 431 2886 491 II.
3473 428 3624 495 H98

207 561 367 632 αὖτῴ
420 559 526 614 ἀπὸ
577 563 677 625 τῆς
736 561 842 614 τῶν
899 560 1136 634 σημείων
1211 558 1533 626 ἐπιδείξεως.
1597 558 1747 619 Ἐκεῖ
1807 558 1832 615 δ

2004 578 2044 620 α
2065 578 2135 621 eo
2155 562 2313 641 quod
2341 562 2503 640 parvi
2526 562 2697 644 pretii
2724 573 2842 645 est,
2871 564 3128 626 multum
3170 564 3343 645 pretii
3369 565 3539 647 petit,
3572 583 3629 635 ει

203 649 363 726 παρὰ
420 654 496 719 τῷ
551 648 824 722 Ματθαίῳ,
859 649 997 729 φημί
1033 664 1044 678 ·
1100 672 1126 704 α
1167 650 1253 718 Μὴ
1283 664 1516 729 ποιεῖτε,
1550 651 1706 729 φησὶ,
1744 671 1828 705 σππ

2028 650 2391 730 pauperibus
2436 651 2708 714 fortassis
2757 661 2814 715 et
2843 654 3035 715 viduis
3065 654 3301 716 lucrum
3331 654 3620 729 corradit,

204 735 371 792 λαιον
432 736 672 813 λῃστῶν.
726 760 751 791 ι
804 743 1051 815 Φανερῶς
1108 738 1209 816 γὰρ
1266 737 1464 815 λῃστὰς
1522 740 1707 803 αὐτοὺς
1738 738 1829 793 ὧν(

1998 735 2115 796 icut
2135 739 2322 800 ferme
2346 740 2539 801 solent
2566 740 2627 801 hi
2647 742 2748 822 qui
2774 742 3114 803 necessaria
3143 741 3623 822 venditant,quid

209 846 389 901 μασι,
455 827 527 890 ὡς
585 824 637 890 ἐξ
680 823 869 882 ἀδίκων
928 824 1291 905 κερδαίνοντας
1340 829 1540 906 πόρων,
1578 818 1751 885 ΗΟταν
1784 828 1834 903 γε

2003 824 2124 885 liud
2161 844 2336 906 quam
2390 847 2538 908 opus
2578 818 2833 891 latronis
2864 829 3027 905 facit,
3077 849 3147 892 ex
3181 818 3625 894 calamitatibus

204 936 299 978 τις
340 916 401 970 τὸ
432 913 611 991 ὀλίγου
666 914 971 991 τιμώμενον
1006 914 1206 972 πολλοῦ
1250 917 1556 993 τιμήματος
1588 914 1750 991 ἀξιοῖ,
1798 937 1829 970 κ

1996 912 2217 1000 ιΙὶοτυιη
2245 916 2407 977 lucra
2439 918 2849 997 comportans?
2879 918 2950 980 Et
2984 937 3168 1000 quare
3187 920 3321 981 illos
3343 940 3375 982 e
3402 919 3621 1001 templo

207 1004 326 1059 ἀπὸ
386 1005 631 1073 πενήτων
681 1006 851 1084 τυχὸν
896 1006 983 1061 καὶ
1028 1012 1216 1085 χηρῶν
1274 1006 1336 1061 τδ
1366 1004 1544 1081 κέρδος
1578 1004 1825 1084 ὲρανίζητ

1994 996 2155 1081 ejicit?
2172 1001 2300 1065 Non
2325 996 2803 1080 immerito.Quia
2824 1008 2982 1069 enim
3003 996 3063 1070 in
3101 1008 3360 1073 Sabbato
3377 996 3619 1072 sanatu—

212 1091 322 1170 (ὡς
384 1092 469 1148 ἐπὶ
518 1094 578 1149 τὸ
634 1091 770 1150 πολὺ
831 1093 932 1172 γὰρ
964 1095 1106 1151 οὗτοι
1140 1097 1186 1150 οἱ
1218 1095 1282 1150 τὰ
1312 1091 1551 1173 χρειώδη
1584 1093 1837 1159 ἐξωνούμε

1995 1109 2068 1150 ns
2099 1106 2246 1165 erat,
2282 1103 2340 1154 et
2371 1096 2674 1157 soluturus
2705 1096 2897 1174 legem
2929 1115 2943 1159 :
2978 1104 3041 1158 ut
3073 1116 3147 1159 ne
3184 1098 3451 1160 videatur
3473 1119 3620 1161 con-

210 1204 327 1259 νοι,
391 1181 475 1237 καὶ
535 1181 977 1261 πιπράσκοντες),
1042 1183 1091 1237 τί
1166 1179 1319 1260 ἄλλο,
1378 1181 1414 1249 ἢ
1475 1179 1629 1260 ’ἔργον
1686 1179 1835 1257 λῃστι

1996 1181 2186 1242 rarius
2218 1181 2363 1255 Deo,
2416 1184 2659 1262 corrigit
2712 1186 2824 1246 hoc
2876 1185 3009 1247 loco
3057 1186 3398 1267 opinionem
3431 1187 3621 1251 illam.

210 1282 393 1349 ποιεῖ,
435 1272 497 1325 hx
552 1276 833 1349 συμφορῶν
890 1269 1083 1347 ἐτέρων
1135 1266 1293 1349 κέρδη
1326 1269 1831 1348 πραγματευόμενος

1997 1270 2176 1349 ίειιυε
2196 1271 2356 1332 enim
2394 1279 2617 1333 tantum
2652 1273 2841 1334 zelum
2875 1266 3120 1355 prapter
3143 1275 3386 1337 domum
3417 1286 3622 1338 osten-

215 1360 375 1423 Τίνος
427 1357 480 1413 δὲ
526 1357 703 1415 ἕνεκεν
745 1357 882 1424 ὅλως
934 1355 1178 1417 ὲκϐἀλλει
1242 1361 1364 1423 τοὺς
1396 1360 1660 1422 τοιούτους
1706 1358 1766 1414 ἐκ
1795 1379 1840 1415 τι

1996 1356 2467 1439 lens,sprevisset
2490 1362 3019 1435 Deum,dominum
3052 1363 3431 1428 domus.Non
3464 1365 3621 1426 enim

219 1451 419 1527 ἱεροῧ;
478 1452 585 1506 Οὐκ
635 1446 846 1527 ἀλόγως
881 1462 897 1480 ⁸
955 1446 1075 1503 ἀλλ’
1126 1447 1240 1505 ἐπεὶ
1286 1446 1507 1523 ἔμελλεν
1540 1448 1593 1504 ἐν
1626 1445 1844 1505 Σαϐὅάτι

2003 1446 2323 1527 impliciter
2352 1449 2537 1527 ejicit,
2567 1452 2669 1511 sed
2705 1458 2763 1512 et
2792 1452 3024 1530 ﬂagello
3062 1452 3233 1533 plexo
3261 1454 3543 1533 percutit,
3568 1462 3626 1514 et

213 1538 551 1615 θεραπεύειν,
606 1539 694 1594 καὶ
753 1535 1038 1616 παραλύειν
1094 1539 1183 1593 τὸν
1238 1538 1421 1613 νόμον,
1468 1537 1560 1593 ’ἕνα
1621 1538 1697 1612 μὴ
1762 1534 1838 1602 δόξ

2001 1534 2251 1597 ubvertit
2275 1548 2719 1618 mensas,etaes,
2754 1541 2866 1602 hoc
2890 1548 2977 1601 est
2998 1542 3313 1621 pecuniam
3339 1560 3623 1603 nummu-

217 1626 459 1690 ἀντίθεος
531 1626 701 1707 εἶναι,
786 1624 1078 1683 διοαθοῡται
1156 1625 1391 1682 ἐντεῦθεν
1465 1626 1564 1693 τὴν
1637 1627 1842 1682 τοιαύττ

1997 1624 2251 1685 ariorum
2285 1628 2534 1689 ell'undit
2598 1628 2669 1689 Et
2693 1648 2841 1710 opus
2877 1631 3275 1709 periculosum
3308 1640 3622 1707 attentans,

214 1716 520 1791 ὑπόληψιν,
575 1715 647 1773 Οὔ
699 1716 797 1793 γὰρ
861 1714 921 1770 ἂν
968 1718 995 1770 ὁ
1054 1722 1301 1771 τοσοῦτον
1348 1713 1508 1786 ζῆλον
1560 1712 1839 1782 ἐπιδειξάμι

2012 1731 2086 1774 οη
2110 1732 2173 1775 se
2206 1714 2264 1775 in
2287 1716 2616 1796 periculum
2643 1718 3000 1797 conjecisset
3022 1738 3128 1799 pro
3151 1720 3328 1781 domo
3353 1719 3483 1794 Dei,
3510 1720 3629 1781 sol-

218 1826 312 1868 νος
368 1805 496 1883 ὑπὲρ
551 1812 643 1862 τοῦ
670 1804 844 1879 οἴκοῦ,
878 1806 968 1860 τὸν
998 1812 1091 1861 του
1136 1803 1290 1861 οἴκου
1336 1802 1596 1871 δεσπότην
1630 1807 1718 1861 τὸν
1755 1806 1843 1860 Θεὶ

2001 1821 2111 1893 ens
2156 1804 2346 1893 legem
2395 1807 2501 1869 Dei
2553 1816 2618 1868 ut
2665 1808 3041 1870 adversarius
3077 1829 3090 1869 :
3127 1809 3231 1870 sed
3284 1810 3529 1871 omnino
3565 1818 3626 1869 ut

223 1894 506 1961 },0é1nasv,
568 1896 640 1951 Οὔ
696 1896 794 1972 γὰρ
850 1892 1030 1959 ἁπλῶς
1086 1891 1362 1973 ἒξέϐαλεν,
1424 1892 1561 1950 ἀλλὰ
1598 1894 1683 1949 καὶ
1743 1900 1846 1973 φρα

1999 1890 2153 1953 ‘ilius
2170 1892 2669 1975 Dei,etaequalem
2694 1896 2924 1958 habens
2943 1906 3291 1977 potestatem
3319 1897 3495 1975 Patri,
3526 1904 3624 1979 qui

218 1982 421 2058 γελλίῳ
470 1982 682 2057 πλεκτῷ
758 1984 987 2055 τύπτων,
1056 1984 1142 2039 καὶ
1213 1981 1529 2061 ἀνατρέπων
1602 1983 1695 2046 τὰς
1752 2004 1843 2061 τρα

2001 1999 2158 2057 egem
2192 1981 2266 2044 de
2297 1983 2555 2046 Salibato
2588 1993 2896 2049 statuerat.
2931 1985 3069 2047 ldco
3093 1994 3292 2048 autem
3326 2006 3443 2049 non
3477 1987 3626 2048 dixit

217 2071 409 2151 πέζας,
471 2072 558 2128 καὶ
615 2074 678 2127 τὸ
723 2072 916 2146 κέρμα,
951 2070 1068 2137 ἤτοι
1102 2072 1160 2127 τὸ
1191 2073 1427 2146 νόμισμα
1481 2078 1586 2127 τῶν
1632 2068 1842 2129 κολλυόι

2010 2090 2208 2133 omum
2244 2075 2373 2149 Dei,
2408 2075 2513 2135 sed
2555 2075 2831 2136 «domum
2858 2076 3050 2139 Patris
3074 2076 3215 2151 mei,
3242 2099 3270 2132 ι
3305 2078 3626 2139 ostendens

222 2167 395 2234 στῶν,
454 2161 688 2240 ἐκχέων,
756 2162 841 2217 καὶ
911 2159 1048 2238 ἔργῳ
1122 2158 1712 2239 παρακεκινδυνευμένῳ
1768 2159 1847 2215 ἔπι

1999 2162 2123 2240 [υοιῖ
2157 2170 2504 2241 potestatem
2540 2162 2753 2225 habeat
2782 2165 3145 2227 sicutFilius
3177 2166 3239 2226 in
3261 2166 3462 2226 omnia
3492 2184 3624 2246 quae

220 2256 449 2329 χειρῶν.
510 2251 617 2307 Οὐκ
774 2250 862 2306 οὖν
921 2252 949 2305 ὁ
1006 2250 1077 2312 είς
1151 2246 1384 2305 κίνδυνον
1445 2249 1643 2324 ῥίπτων
1704 2248 1845 2305 ἑαυτὲ

1994 2250 2161 2311 ’atris
2181 2260 2371 2313 erant.
2408 2250 2796 2314 Nummularii
2821 2263 3045 2326 autem,
3069 2254 3170 2335 qui
3191 2262 3250 2316 et
3277 2254 3619 2335 collybistae,

220 2338 354 2416 ὑπὲρ
396 2347 488 2395 τοῦ
546 2339 698 2396 οἴκου
748 2346 837 2396 τοῦ
895 2341 1045 2411 Θεοῦ,
1128 2338 1353 2417 παρέλυε
1420 2339 1510 2394 τὸν
1578 2339 1740 2413 νόμον
1796 2360 1845 2394 σε

2000 2347 2110 2398 ηυῐιι
2126 2340 2183 2399 hi
2206 2341 2305 2419 qui
2325 2360 2500 2421 parva
2517 2342 2870 2404 numismata
2884 2343 3452 2425 vendunt.Collybos
3466 2343 3625 2405 enim

224 2434 360 2484 Θεοῦ
402 2430 475 2491 ὡς
529 2428 786 2507 ἀντίθεος,
834 2427 973 2484 ἀλλὰ
1018 2428 1230 2489 πάντως
1264 2429 1340 2489 ὡς
1377 2429 1497 2490 Υἱὸς
1525 2428 1623 2507 ὢν,
1658 2428 1747 2483 καὶ
1788 2427 1849 2491 τὴ

2002 2429 2123 2505 pud
2143 2426 2330 2491 Graec
2355 2449 2381 2490 s
2403 2431 2696 2492 minutum
2719 2433 3019 2494 numisma
3039 2440 3148 2506 est,
3184 2433 3343 2513 quod
3375 2431 3627 2493 Romani

222 2516 355 2584 ἴσην
409 2516 643 2582 ἐξουσίαν
700 2517 844 2598 ἔχων
888 2522 966 2590 τῷ
999 2523 1115 2591 Θεῷ
1164 2517 1252 2574 καὶ
1301 2518 1489 2596 Πατρὶ,
1521 2517 1599 2591 τῷ
1653 2518 1741 2572 καὶ
1796 2518 1847 2572 τὶ

2000 2537 2277 2579 ιυιηιηυιη
2312 2528 2540 2582 vocant.
2578 2520 2749 2583 Multi
2799 2530 2998 2582 autem
3047 2538 3117 2581 ex
3152 2521 3535 2601 pontificibus
3564 2523 3625 2582 in

223 2607 346 2684 περὶ
398 2616 491 2664 τοῦ
546 2603 817 2663 Σαϐὅὶτου
859 2628 1023 2674 νομον
1085 2603 1251 2666 δόντι.
1303 2607 1395 2662 Διὸ
1427 2604 1543 2662 οὒδὲ
1576 2609 1699 2662 εἷπε
1735 2621 1749 2634 ⁸
1787 2607 1848 2663 TE

2003 2625 2129 2668 nunc
2162 2609 2402 2670 modum
2465 2617 2732 2689 peccant.
2789 2611 2938 2673 Nam
2990 2621 3050 2670 et
3084 2607 3199 2689 ipsi
3232 2610 3628 2689 negotiatores

227 2699 383 2751 οἷκον
443 2705 531 2754 τοῦ
583 2702 734 2774 Θεοῦ,
772 2693 927 2759 ἀλλὰ,
971 2718 997 2748 ι(
1033 2695 1132 2751 Τὸν
1164 2698 1317 2751 οἶκον
1348 2704 1441 2752 τοῦ
1481 2695 1685 2773 Πκτρός
1716 2709 1840 2769 μου·

2008 2695 2430 2759 endunlboves
2456 2697 2515 2757 in
2540 2698 2835 2761 ecclesia:
2870 2700 2985 2760 hoc
3016 2709 3125 2771 est,
3150 2699 3251 2778 qui
3283 2706 3628 2779 praestantes

228 2783 475 2841 δεικνύων
532 2783 611 2840 ὅτι
675 2783 982 2864 ἐξουσιάζει,
1048 2786 1122 2846 ὡς
1180 2784 1323 2855 Υἱὸς,
1378 2789 1481 2840 τῶν
1532 2790 1625 2840 τοῦ
1686 2785 1853 2863 Πατρὸ

2009 2795 2114 2846 unt
2134 2786 2194 2847 in
2217 2787 2395 2848 verbo
2415 2788 2721 2868 doctrinae,
2753 2807 2871 2848 non
2903 2796 3234 2862 assumunt,
3260 2790 3364 2849 sed
3392 2789 3629 2850 tradunt

230 2874 459 2931 πάντων.
500 2871 850 2930 Κολλυϐισταὶ
894 2870 948 2928 δὲ
984 2873 1111 2929 εἰσὶν
1156 2874 1202 2929 οἱ
1258 2874 1323 2928 τὰ
1368 2871 1535 2928 λεπτὰ
1592 2872 1854 2948 νομίσματ

1992 2875 2066 2935 lis
2096 2877 2193 2955 qui
2217 2876 2481 2955 affligere
2509 2876 2738 2937 volunt.
2788 2876 3040 2958 Insuper
3084 2886 3141 2939 et
3168 2895 3323 2952 oves,
3361 2878 3474 2939 hoc
3504 2885 3617 2952 est,

236 2965 564 3044 πωλοῦντες,
624 2963 742 3030 ἤτοι
812 2965 933 3025 τοὺς
993 2964 1279 3048 νούμμους.
1336 2959 1601 3025 Κόὶλυϐος
1632 2965 1750 3048 ⁸γὰρ
1794 2963 1861 3019 λὲη

1993 2964 2395 3044 simpliciorem
2421 2975 2477 3025 et
2500 2985 2879 3027 communem
2902 2966 3618 3048 populumzctcolumbas,

236 3076 385 3132 γεται
416 3056 476 3110 τὸ
536 3043 730 3110 λεπτὸν
766 3052 1001 3127 νόμισμα
1046 3051 1169 3131 παρ’
1218 3044 1517 3130 ἾΞλλησιν,
1569 3052 1596 3107 ὃ
1630 3043 1861 3125 Ῥωμαῖε

1991 3043 2556 3133 ιοείεειβρὶτὶιυειίε
2577 3055 2733 3115 dona
2752 3043 3104 3129 vend'un't,et
3136 3059 3393 3134 majores
3422 3043 3616 3135 digni;

236 3150 473 3218 νοῦμμον
557 3142 895 3217 ὀνομάζουσι.
981 3140 1177 3198 Πολλοὶ
1260 3143 1347 3197 καὶ
1409 3141 1518 3197 τῶν
1590 3140 1861 3219 ἀρχιερέω

1997 3151 2121 3203 ates
2140 3143 2452 3204 conferunt
2478 3144 2569 3204 his
2621 3144 2722 3224 qui
2772 3145 2938 3223 plura
2960 3143 3101 3205 dant
3126 3162 3139 3206 ε
3164 3164 3312 3225 quos
3335 3145 3622 3207 Dominus

236 3232 586 3309 ἁμαρτανουσι
645 3238 883 3303 τοιαῦτα,
931 3232 1026 3287 οἷα
1055 3230 1175 3287 τότε
1221 3232 1268 3286 οἱ
1314 3228 1576 3307 κάπηλοι,
1608 3231 1730 3292 τοὺς
1761 3230 1857 3304 βόα

1998 3230 2139 3309 tjicil
2159 3251 2190 3292 e
2205 3232 3018 3313 templo,indignosjudicans
3037 3233 3478 3296 sacerdotio.At
3497 3234 3623 3296 haec

234 3321 532 3383 πωλοῦντες
589 3320 643 3376 ἐν
686 3326 754 3397 τῇ
796 3321 1116 3393 Ἐκκλησία,
1176 3318 1319 3397 λέγω
1380 3315 1472 3397 δή,
1504 3319 1624 3381 τοὺς
1657 3317 1710 3371 ἐν
1747 3317 1859 3396 λόγ‹

2000 3320 2027 3379 ιί
2059 3320 2189 3400 quis
2219 3340 2299 3383 aes
2324 3332 2381 3381 et
2431 3340 2763 3397 nummum,
2805 3323 2915 3384 hoc
2939 3331 3051 3404 est,
3086 3332 3144 3385 et
3173 3341 3512 3384 sermonem
3566 3332 3625 3385 et

239 3407 592 3483 διδασκαλικῴ
648 3407 1032 3488 διαπρέποντας
1104 3409 1184 3484 μὴ
1252 3409 1706 3484 περιποιούμενοι,
1775 3405 1864 3463 ἀλλ

1995 3409 2190 3486 logma
2213 3410 2508 3491 vendat,et
2542 3411 2809 3473 fortassis
2832 3431 2965 3473 cum
2990 3413 3068 3475 sit
3099 3413 3331 3493 doctor,
3365 3431 3482 3473 non
3514 3432 3620 3474 an-

232 3496 521 3563 ἱκδιδόντες
579 3510 696 3563 τοῖς
752 3510 1070 3577 κακουργεῖν
1155 3494 1501 3573 βουλομένοις
1539 3512 1551 3524 ·
1616 3496 1753 3553 ἀλλὰ
1809 3518 1857 3551 κε

1997 3500 2213 3561 ιυηιὶει
2260 3500 2533 3582 verbum,
2587 3500 2701 3561 nisi
2749 3503 2980 3582 lucrum
3012 3502 3247 3574 habeat,
3284 3501 3460 3563 etiam
3492 3503 3622 3582 ejus

237 3590 297 3646 τὰ
346 3585 605 3667 πρόϐατα,
654 3590 743 3645 τὸν
800 3587 1145 3669 ἀφελέστερον
1205 3587 1293 3643 καὶ
1351 3587 1527 3642 κοινὸν
1600 3584 1752 3659 λαὸν,
1807 3607 1862 3642 κε

1992 3597 2243 3641 mensam
2277 3579 2562 3642 subvertit
2592 3580 3113 3656 Dominus,sedem
3144 3582 3278 3643 dico
3308 3579 3617 3656 doctrinae,

236 3679 328 3740 τὰς
400 3680 731 3755 περιστερὰς,
825 3680 889 3734 τα
965 3676 1291 3751 πνευματικά
1372 3698 1511 3755 φημι
1562 3674 1861 3754 χαρίσματα

1995 3677 2036 3728 et
2058 3687 2396 3731 sermonem
2421 3688 2597 3750 quem
2622 3670 2722 3732 ille
2769 3672 3013 3733 cohibet
3042 3679 3285 3751 propter
3316 3670 3620 3753 malitiam,

242 3769 647 3846 πιπράσκοντες,
707 3769 791 3825 καί
852 3769 972 3829 τοὺς
1031 3764 1249 3823 πλείονα
1300 3762 1562 3833 διδόντας,
1609 3777 1727 3829 τοῖς
1772 3764 1867 3838 μείς

2001 3758 2116 3818 5‘57
2152 3778 2269 3820 non
2304 3760 2451 3820 dans
2481 3759 2646 3820 illum
2679 3760 2956 3821 omnibus
2986 3779 3161 3841 quem
3214 3761 3501 3823 Dominus
3528 3762 3626 3824 Je-

240 3865 349 3928 ζοσι
409 3858 639 3933 βαθμοῖς
690 3857 1168 3935 έγκατατάττοντες
1204 3871 1216 3886 ⁸
1266 3856 1352 3919 οὒς
1397 3856 1424 3910 ὁ
1478 3855 1662 3932 Κύριος
1708 3852 1865 3910 ἐκόἀλ

1997 3868 2083 3909 ius
2099 3868 2204 3928 per
2218 3848 2684 3909 misericordiam
2700 3849 3317 3930 ell'undit,populisque
3329 3849 3622 3924 dat,illum

239 3945 315 4001 λει
358 3953 451 4003 τοῦ
499 3947 661 4025 ίεροῦ,
736 3946 970 4011 ἀναξίους
1049 3967 1148 4010 της
1224 3943 1621 4023 ἀρχιερωσύνης
1678 3944 1864 4021 κρίνων

1999 3940 2263 4018 ιυιιιεηιε
2288 3939 2618 4018 principatu
2643 3939 2951 4019 dejiciens,
2979 3950 3034 4000 et
3051 3940 3232 4001 alium
3258 3939 3317 4000 in
3340 3939 3624 4001 doctrinae

239 4032 403 4092 Ἀλλὰ
459 4032 555 4091 κείν
614 4058 693 4099 τις
738 4035 907 4110 κέρμα
958 4035 1046 4091 καὶ
1102 4024 1360 4112 νόμισμα,
1408 4031 1524 4099 ἤτοι
1589 4030 1761 4109 δόγμα
1804 4053 1864 4086 κα

2000 4028 2179 4089 ιεάειῐδ
2198 4028 2513 4090 collocans.
2529 4029 2842 4091 Recordnti
2857 4029 3354 4091 suntautemdisci
3362 4028 3483 4110 puli
3496 4029 3625 4110 ejus

244 4126 420 4205 λόγον,
483 4124 664 4198 πωλῆ,
697 4126 784 4180 καὶ
817 4114 981 4203 τυχὸν
1010 4120 1317 4183 διδάσκαλος
1373 4120 1468 4200 ὢν,
1502 4120 1560 4177 οὐ
1590 4115 1869 4198 καταγγέλ·

1989 4118 2132 4196 ιυοά
2156 4118 2440 4196 scriptum
2467 4116 2774 4185 sit,-Zelus
2800 4118 3013 4178 domus
3036 4127 3149 4179 tuae
3170 4119 3432 4179 comedit
3456 4137 3614 4187 me.)

242 4213 317 4270 λει
373 4216 463 4270 τὸν
520 4214 702 4293 λόγον,
757 4215 800 4269 εἰ
858 4215 936 4288 μὴ
993 4209 1170 4291 κέρδος
1245 4210 1385 4290 ἔχει,
1446 4210 1533 4266 καὶ
1574 4210 1758 4265 τούτου
1790 4210 1867 4277 τὴς

2000 4206 2259 4266 ’aulatim
2274 4205 3625 4287 enimincrementabonisumentestetScriptu-

240 4304 493 4379 τράπεζαν
537 4304 823 4377 ἀνατρέπει
852 4305 879 4358 ὁ
942 4302 1152 4381 Κύριος,
1218 4302 1309 4356 τὸν
1366 4298 1547 4378 θρόνον
1604 4296 1748 4376 λέγω
1789 4297 1865 4364 τῆ

1997 4312 2166 4356 arum
2190 4293 2773 4367 recordantur,unde
2794 4294 3131 4355 testimonia
3147 4293 3622 4374 recipiendoﬁr-

242 4389 591 4467 διδασκαλίας,
649 4395 738 4449 καὶ
795 4393 886 4447 τὸν
948 4389 1132 4467 λόγον,
1193 4390 1250 4444 ὃν
1307 4388 1510 4452 ἐκεῖνος
1561 4386 1773 4466 συνέχει
1802 4385 1867 4442 διε

1990 4386 2220 4444 niorem
2248 4384 2324 4445 de
2345 4382 2575 4445 Christo
2601 4384 2913 4444 scientiam
2937 4384 3092 4463 apud
3120 4402 3187 4445 se
3228 4383 3615 4447 constituunt.

243 4482 444 4561 κακίαν,
478 4483 555 4556 μὴ
584 4480 753 4547 διδοὺς
784 4482 939 4537 αὐτὸν
968 4486 1155 4559 πᾶσιν,
1187 4480 1246 4535 ὃν
1278 4478 1306 4533 ὁ
1366 4479 1549 4555 Κύριος
1611 4473 1817 4541 Ἰησοῦς
1854 4475 2034 4556 ἒκχέει
2091 4476 2175 4529 διὰ
2224 4474 2637 4554 φιλανθρωπίαν,
2682 4476 2768 4529 καὶ
2817 4488 2933 4538 τοῖς
2965 4473 3120 4561 λαοῖς
3150 4473 3382 4547 δίδωσιν,
3416 4474 3620 4532 ἐκεῖνον

244 4573 334 4647 μὲν
364 4555 645 4649 παραλύων
672 4576 771 4637 τῆς
804 4570 1009 4650 ἀρχῆς,
1045 4555 1208 4625 ἄλλον
1266 4566 1350 4650 δὲ,
1382 4568 1472 4623 τὸν
1530 4566 1672 4631 ἄξιον
1728 4564 1813 4622 ἐπὶ
1869 4555 1959 4621 τὸν
2017 4563 2113 4631 τῆς
2173 4562 2510 4627 διδασκαλίας
2565 4563 2745 4642 θρόνον
2808 4566 3052 4635 καθίζων.
3094 4555 3467 4639 Ἐμνήσθησαν
3496 4561 3549 4619 δὲ
3573 4568 3621 4619 ol

246 4648 488 4737 μαθηταὶ,
522 4660 602 4717 ὅτι
635 4648 1004 4740 γεγραμμένον
1040 4658 1181 4715 ἐστίν
1215 4673 1228 4687 '
1273 4677 1302 4716 ε
1338 4648 1396 4715 Ὀ
1426 4655 1596 4728 ζῆλος
1628 4660 1721 4711 τοῦ
1751 4652 1907 4714 οἴκου
1930 4677 2023 4713 σου
2052 4652 2318 4733 κατέφαγὲ
2350 4675 2440 4729 με.
2482 4677 2505 4709 υ
2546 4655 2689 4710 Κατὰ
2717 4653 2892 4733 βραχὺ
2920 4654 3019 4731 γὰρ
3050 4654 3148 4720 την
3177 4652 3261 4708 ἐπὶ
3288 4655 3349 4708 τὸ
3376 4667 3623 4732 κρεῖττον

245 4748 463 4814 ιπίῖοσιν
493 4746 875 4827 λαμϐάνοντες,
906 4745 1010 4815 ἤδη
1046 4749 1135 4805 καὶ
1166 4752 1271 4803 τῶν
1303 4751 1523 4826 Γραφῶν
1554 4745 2074 4820 ἀναμιμνήσκονται,
2122 4744 2370 4799 κάκεῖθεν
2426 4746 2519 4807 τὰς
2552 4744 2834 4821 μαρτυρίαις
2867 4742 3249 4819 λαμϐάνοντες,
3283 4740 3622 4821 βεϐαιοτέραν

247 4840 335 4907 τὴν
364 4840 479 4918 περὶ
514 4845 737 4917 Χριστοῦ
781 4843 975 4916 γνῶσιν
1021 4836 1342 4894 καθιστῶσιν
1374 4836 1604 4901 ἑαυτοῖς.

326 4953 351 4983 ι
398 4928 786 5008 Ἀπεκρίθησαν
813 4926 901 4985 οὖν
950 4931 996 4984 οἱ
1042 4924 1311 5005 Ἰουδαῖοι,
1362 4926 1451 4982 καὶ
1498 4926 1655 4983 εἶπον
1700 4925 1842 5001 αὐτῷ
1872 4942 1886 4958 '
1916 4934 1951 4983 D

2058 4924 2232 4985 Vens.
2268 4921 2465 4986 18-22.
2502 4947 2527 4976 ι
2566 4920 3023 5002 Responderunt
3052 4939 3191 5001 ergo
3224 4920 3498 5002 Judaei,et
3521 4920 3619 4983 di-

247 5021 298 5077 Τί
353 5030 581 5095 σημεῖον
638 5016 888 5081 δεικνύεις
952 5017 1115 5093 ἡμῖν,
1169 5014 1250 5071 ὅτι
1294 5020 1458 5071 ταῦτα
1502 5028 1677 5078 ποιεῖς
1713 5035 1729 5095 ;
1760 5015 1872 5072 ’Λπς

1997 5021 2189 5073 ierunt
2219 5011 2307 5073 ei:
2365 5011 2533 5084 Quod
2564 5011 2793 5090 signum
2827 5013 3093 5073 ostendis
3122 5010 3292 5072 nobis
3323 5010 3480 5091 quod
3512 5015 3622 5072 ista

247 5109 413 5186 εκρίθη
456 5110 484 5163 δ
527 5106 757 5181 Ἰησοῦς,
804 5108 893 5164 καὶ
936 5110 1089 5162 εἶπεν
1136 5104 1318 5169 αὐτοῖς
1349 5120 1364 5135 ⁸
1414 5104 1615 5160 Λύσατε
1646 5106 1737 5160 τὸν
1767 5107 1872 5160 ναὸε

1996 5099 2205 5162 'acias?
2258 5099 2589 5181 Respondit
2644 5102 2839 5171 Jesus,
2890 5111 2949 5161 ει
2978 5100 3127 5161 dixit
3156 5102 3285 5163 eis:
3324 5099 3621 5162 Destruite

246 5202 444 5277 τοῦτον,
483 5198 571 5253 καὶ
616 5200 671 5253 tv
728 5199 890 5275 τρισὶν
943 5195 1167 5273 ἡμέραις
1254 5193 1422 5273 ἐγερῶ
1475 5193 1654 5251 αὐτόν.
1720 5193 1871 5250 Εἴποι

1989 5191 2263 5269 Lemplum
2298 5194 2430 5271 hoc,
2476 5201 2531 5251 et
2582 5189 2642 5250 in
2677 5189 2868 5250 tribus
2917 5190 3131 5251 diebus
3178 5189 3398 5268 erigam
3448 5189 3614 5251 illud.

273 5285 298 5309 τ
412 5276 435 5306 ο⁷
483 5285 499 5309 ν
1066 5284 1077 5305 ρ
1374 5283 1389 5303 κ
1465 5278 1485 5302 ν
1544 5280 1567 5301 »ι
1758 5283 1771 5303 ν

246 5307 325 5343 ουν
382 5308 429 5343 οι
507 5283 730 5345 [01)δαῖοι
765 5300 779 5316 ⁸
843 5294 1247 5365 Τεσσαρακοντα
1304 5303 1391 5337 και
1436 5284 1488 5347 ἓξ
1546 5303 1713 5338 ετεσιν
1742 5304 1871 5356 ῳκο·

1995 5278 2261 5340 )ixerunt
2278 5298 2419 5359 ergo
2435 5280 2622 5341 Judaei
2647 5298 2660 5339 :
2683 5276 3081 5357 Quadraginta
3097 5298 3200 5348 sex
3223 5279 3395 5339 annis
3426 5287 3620 5341 extru-

247 5372 441 5450 δομηθη
502 5376 528 5431 ὁ
572 5376 695 5438 ναὸς
727 5374 902 5447 οὗτος,
948 5376 1035 5430 καὶ
1078 5373 1141 5429 σύ
1183 5371 1236 5427 ὲν
1289 5372 1453 5450 τρισὶν
1482 5370 1704 5450 ἡμέραις
1760 5374 1872 5449 εγε-

1995 5376 2132 5429 ;tum
2162 5376 2251 5429 est
2281 5369 2563 5449 templum
2582 5368 2786 5443 boc,et
2809 5375 2866 5427 tu
2899 5367 2959 5428 in
2988 5367 3176 5429 tribus
3198 5365 3410 5429 diebus
3427 5369 3620 5448 eriges

252 5478 354 5544 ρεϊς
413 5463 617 5544 αὐτόν,
678 5461 917 5526 Ἐκεῖνος
968 5460 1022 5519 δὲ
1081 5461 1231 5539 ἔλεγε
1292 5461 1411 5538 περὶ
1468 5467 1561 5517 τοῦ
1631 5462 1753 5515 ναοζ
1804 5462 1877 5518 τοέ

1991 5456 2161 5518 ιΙΙυιιῩ
2178 5458 2250 5517 At
2276 5458 2377 5519 ille
2399 5457 2636 5520 dicebat
2660 5456 2735 5517 de
2768 5456 2993 5537 templo
3024 5456 3291 5538 corporis
3321 5456 3435 5517 sui.
3468 5459 3616 5518 Cum

252 5556 486 5630 σώματος
544 5552 723 5613 ανότοῦ.
755 5550 887 5610 ’Ὀτε
946 5553 1032 5608 οὗν
1075 5548 1276 5629 ἠγέρθη
1337 5547 1396 5605 ὶκ
1443 5554 1664 5628 νεκρῶν,
1720 5550 1877 5624 ὶμνή-

1991 5564 2116 5624 ergo
2142 5547 2570 5609 resurrexisset
2598 5563 2631 5606 a
2654 5545 2924 5621 mortuis,
2944 5544 3242 5608 recordati
3266 5552 3404 5605 sunt
3432 5545 3616 5607 disci-

254 5646 440 5711 σθησαν
489 5644 535 5699 οἱ
592 5642 821 5717 μαθηταὶ
880 5642 1060 5715 αὒτοῦ,
1132 5638 1210 5696 ὅτι
1257 5646 1426 5698 τοῦτοτ
1454 5636 1634 5715 ἔλεγεν
1663 5638 1879 5716 ,αὐτοῖς

1995 5634 2097 5697 mli
2132 5635 2261 5714 ejus
2292 5637 2448 5717 quod
2500 5637 2613 5699 hoc
2642 5633 2910 5717 dixisset,
2951 5646 3009 5698 et
3039 5633 3427 5698 crediderunt
3454 5632 3620 5698 Scri-

252 5735 329 5790 καὶ
375 5733 687 5811 ἆπίστευσαν
742 5736 812 5807 τῇ
872 5736 1079 5811 Γραφῇ,
1110 5728 1303 5801 καὶτῷ
1362 5726 1507 5807 λόγῳ
1550 5728 1596 5802 ᾦ
1652 5727 1807 5785 εἶπεν
1865 5732 1877 5785 ί

1993 5733 2190 5804 ptime,
2210 5733 2269 5786 ει
2285 5725 2548 5790 sermoni
2567 5740 2743 5808 quem
2765 5723 2995 5787 dixerat
3010 5722 3210 5789 Iesus.
3238 5745 3262 5780 ι
3298 5725 3618 5809 Postquam
