  <div class='ocr_page' id='page_1' title='image "/cluster/home/n/w/nwhite01/storage/ocr_20150623/123/mdp.39015009359079/609.png"; bbox 0 0 4116 6318; ppageno 0'>
   <div class='ocr_carea' id='block_1_1' title="bbox 452 374 606 440">
    <p class='ocr_par' dir='ltr' id='par_1_1' title="bbox 452 374 606 440">
     <span class='ocr_line' id='line_1_1' title="bbox 452 374 606 440; baseline 0.019 -3"><span class='ocrx_word' id='word_1_1' title='bbox 452 374 606 440; x_wconf 67' lang='grc'><strong>1103</strong></span> 
     </span>
    </p>
   </div>
   <div class='ocr_carea' id='block_1_2' title="bbox 445 595 2097 678">
    <p class='ocr_par' dir='ltr' id='par_1_2' title="bbox 445 595 2097 678">
     <span class='ocr_line' id='line_1_2' title="bbox 445 595 2097 678; baseline -0.001 -19"><span class='ocrx_word' id='word_1_2' title='bbox 445 614 621 659; x_wconf 84' lang='lat' dir='ltr'><strong>amen</strong></span> <span class='ocrx_word' id='word_1_3' title='bbox 655 595 789 657; x_wconf 91' lang='lat' dir='ltr'><strong>dico</strong></span> <span class='ocrx_word' id='word_1_4' title='bbox 815 595 946 671; x_wconf 92' lang='lat' dir='ltr'><strong>tibi,</strong></span> <span class='ocrx_word' id='word_1_5' title='bbox 984 595 1099 656; x_wconf 86' lang='lat' dir='ltr'><strong>nisi</strong></span> <span class='ocrx_word' id='word_1_6' title='bbox 1130 596 1263 677; x_wconf 89' lang='lat' dir='ltr'><strong>quis</strong></span> <span class='ocrx_word' id='word_1_7' title='bbox 1286 605 1461 659; x_wconf 86' lang='lat' dir='ltr'><strong>natus</strong></span> <span class='ocrx_word' id='word_1_8' title='bbox 1491 598 1663 660; x_wconf 84' lang='lat' dir='ltr'><strong>fuerit</strong></span> <span class='ocrx_word' id='word_1_9' title='bbox 1685 614 2097 678; x_wconf 86' lang='lat' dir='ltr'><strong>superne,non</strong></span> 
     </span>
    </p>
   </div>
   <div class='ocr_carea' id='block_1_3' title="bbox 445 683 2097 767">
    <p class='ocr_par' dir='ltr' id='par_1_3' title="bbox 445 683 2097 767">
     <span class='ocr_line' id='line_1_3' title="bbox 445 683 2097 767; baseline 0 -20"><span class='ocrx_word' id='word_1_10' title='bbox 445 692 637 766; x_wconf 91' lang='lat' dir='ltr'><strong>potest</strong></span> <span class='ocrx_word' id='word_1_11' title='bbox 672 684 874 747; x_wconf 92' lang='lat' dir='ltr'><strong>videre</strong></span> <span class='ocrx_word' id='word_1_12' title='bbox 896 703 1144 764; x_wconf 80' lang='lat' dir='ltr'><strong>regnum</strong></span> <span class='ocrx_word' id='word_1_13' title='bbox 1176 683 1344 747; x_wconf 75' lang='lat' dir='ltr'><strong>Dei.»</strong></span> <span class='ocrx_word' id='word_1_14' title='bbox 1386 686 1679 748; x_wconf 81' lang='lat' dir='ltr'><strong>Videntur</strong></span> <span class='ocrx_word' id='word_1_15' title='bbox 1705 688 1881 749; x_wconf 89' lang='lat' dir='ltr'><strong>verba</strong></span> <span class='ocrx_word' id='word_1_16' title='bbox 1903 706 2034 767; x_wconf 68' lang='lat' dir='ltr'><strong>qua:</strong></span> <span class='ocrx_word' id='word_1_17' title='bbox 2063 705 2097 747; x_wconf 85' lang='lat' dir='ltr'><strong>a</strong></span> 
     </span>
    </p>
   </div>
   <div class='ocr_carea' id='block_1_4' title="bbox 445 773 2096 857">
    <p class='ocr_par' dir='ltr' id='par_1_4' title="bbox 445 773 2096 857">
     <span class='ocr_line' id='line_1_4' title="bbox 445 773 2096 857; baseline -0.002 -18"><span class='ocrx_word' id='word_1_18' title='bbox 445 775 746 839; x_wconf 86' lang='lat' dir='ltr'><strong>Salvatore</strong></span> <span class='ocrx_word' id='word_1_19' title='bbox 772 773 950 848; x_wconf 89' lang='lat' dir='ltr'><strong>dicta,</strong></span> <span class='ocrx_word' id='word_1_20' title='bbox 985 774 1134 836; x_wconf 84' lang='lat' dir='ltr'><strong>nihil</strong></span> <span class='ocrx_word' id='word_1_21' title='bbox 1168 774 1440 838; x_wconf 87' lang='lat' dir='ltr'><strong>alludere</strong></span> <span class='ocrx_word' id='word_1_22' title='bbox 1463 776 1534 837; x_wconf 89' lang='lat' dir='ltr'><strong>ad</strong></span> <span class='ocrx_word' id='word_1_23' title='bbox 1562 795 1651 853; x_wconf 89' lang='lat' dir='ltr'><strong>ea,</strong></span> <span class='ocrx_word' id='word_1_24' title='bbox 1696 796 1827 857; x_wconf 63' lang='lat' dir='ltr'><strong>qua:</strong></span> <span class='ocrx_word' id='word_1_25' title='bbox 1856 796 1890 839; x_wconf 90' lang='lat' dir='ltr'><strong>a</strong></span> <span class='ocrx_word' id='word_1_26' title='bbox 1919 775 2096 838; x_wconf 90' lang='lat' dir='ltr'><strong>Nice-</strong></span> 
     </span>
    </p>
   </div>
   <div class='ocr_carea' id='block_1_5' title="bbox 445 862 2095 944">
    <p class='ocr_par' dir='ltr' id='par_1_5' title="bbox 445 862 2095 944">
     <span class='ocr_line' id='line_1_5' title="bbox 445 862 2095 944; baseline -0.001 -17"><span class='ocrx_word' id='word_1_27' title='bbox 445 864 621 927; x_wconf 91' lang='lat' dir='ltr'><strong>demo</strong></span> <span class='ocrx_word' id='word_1_28' title='bbox 652 863 844 925; x_wconf 91' lang='lat' dir='ltr'><strong>dicta:</strong></span> <span class='ocrx_word' id='word_1_29' title='bbox 870 871 926 924; x_wconf 84' lang='lat' dir='ltr'><strong>at</strong></span> <span class='ocrx_word' id='word_1_30' title='bbox 948 862 996 925; x_wconf 93' lang='lat' dir='ltr'><strong>si</strong></span> <span class='ocrx_word' id='word_1_31' title='bbox 1019 864 1153 944; x_wconf 90' lang='lat' dir='ltr'><strong>quis</strong></span> <span class='ocrx_word' id='word_1_32' title='bbox 1178 874 1340 926; x_wconf 90' lang='lat' dir='ltr'><strong>recte</strong></span> <span class='ocrx_word' id='word_1_33' title='bbox 1372 865 1710 940; x_wconf 87' lang='lat' dir='ltr'><strong>attenderit,</strong></span> <span class='ocrx_word' id='word_1_34' title='bbox 1762 866 1930 929; x_wconf 85' lang='lat' dir='ltr'><strong>valde</strong></span> <span class='ocrx_word' id='word_1_35' title='bbox 1955 884 2095 927; x_wconf 89' lang='lat' dir='ltr'><strong>con-</strong></span> 
     </span>
    </p>
   </div>
   <div class='ocr_carea' id='block_1_6' title="bbox 443 950 2095 1034">
    <p class='ocr_par' dir='ltr' id='par_1_6' title="bbox 443 950 2095 1034">
     <span class='ocr_line' id='line_1_6' title="bbox 443 950 2095 1034; baseline 0 -19"><span class='ocrx_word' id='word_1_36' title='bbox 443 971 658 1034; x_wconf 88' lang='lat' dir='ltr'><strong>gruere</strong></span> <span class='ocrx_word' id='word_1_37' title='bbox 684 950 1469 1034; x_wconf 83' lang='lat' dir='ltr'><strong>inveniet.Quandoquidem</strong></span> <span class='ocrx_word' id='word_1_38' title='bbox 1498 953 1861 1017; x_wconf 88' lang='lat' dir='ltr'><strong>Nicodemus</strong></span> <span class='ocrx_word' id='word_1_39' title='bbox 1895 954 2095 1017; x_wconf 90' lang='lat' dir='ltr'><strong>humi-</strong></span> 
     </span>
    </p>
   </div>
   <div class='ocr_carea' id='block_1_7' title="bbox 444 1040 2094 1126">
    <p class='ocr_par' dir='ltr' id='par_1_7' title="bbox 444 1040 2094 1126">
     <span class='ocr_line' id='line_1_7' title="bbox 444 1040 2094 1126; baseline -0.001 -21"><span class='ocrx_word' id='word_1_40' title='bbox 444 1044 562 1105; x_wconf 86' lang='lat' dir='ltr'><strong>lem</strong></span> <span class='ocrx_word' id='word_1_41' title='bbox 612 1042 688 1103; x_wconf 92' lang='lat' dir='ltr'><strong>de</strong></span> <span class='ocrx_word' id='word_1_42' title='bbox 721 1041 953 1105; x_wconf 86' lang='lat' dir='ltr'><strong>Christo</strong></span> <span class='ocrx_word' id='word_1_43' title='bbox 986 1040 1242 1104; x_wconf 78' lang='lat' dir='ltr'><strong>habebat</strong></span> <span class='ocrx_word' id='word_1_44' title='bbox 1273 1042 1644 1122; x_wconf 89' lang='lat' dir='ltr'><strong>opinionem,</strong></span> <span class='ocrx_word' id='word_1_45' title='bbox 1676 1062 1893 1126; x_wconf 87' lang='lat' dir='ltr'><strong>nempe</strong></span> <span class='ocrx_word' id='word_1_46' title='bbox 1939 1044 2094 1124; x_wconf 86' lang='lat' dir='ltr'><strong>quod</strong></span> 
     </span>
    </p>
   </div>
   <div class='ocr_carea' id='block_1_8' title="bbox 446 1130 2095 1211">
    <p class='ocr_par' dir='ltr' id='par_1_8' title="bbox 446 1130 2095 1211">
     <span class='ocr_line' id='line_1_8' title="bbox 446 1130 2095 1211; baseline -0.001 -17"><span class='ocrx_word' id='word_1_47' title='bbox 446 1130 726 1211; x_wconf 81' lang='lat' dir='ltr'><strong>magister</strong></span> <span class='ocrx_word' id='word_1_48' title='bbox 759 1139 940 1202; x_wconf 86' lang='lat' dir='ltr'><strong>esset,</strong></span> <span class='ocrx_word' id='word_1_49' title='bbox 979 1149 1047 1193; x_wconf 90' lang='lat' dir='ltr'><strong>ac</strong></span> <span class='ocrx_word' id='word_1_50' title='bbox 1094 1130 1250 1192; x_wconf 66' lang='lat' dir='ltr'><strong>Deus</strong></span> <span class='ocrx_word' id='word_1_51' title='bbox 1301 1140 1459 1193; x_wconf 83' lang='lat' dir='ltr'><strong>esset</strong></span> <span class='ocrx_word' id='word_1_52' title='bbox 1512 1151 1643 1193; x_wconf 91' lang='lat' dir='ltr'><strong>cum</strong></span> <span class='ocrx_word' id='word_1_53' title='bbox 1698 1133 1823 1208; x_wconf 89' lang='lat' dir='ltr'><strong>illo,</strong></span> <span class='ocrx_word' id='word_1_54' title='bbox 1858 1133 1999 1200; x_wconf 83' lang='lat' dir='ltr'><strong>dicit</strong></span> <span class='ocrx_word' id='word_1_55' title='bbox 2041 1134 2095 1194; x_wconf 89' lang='lat' dir='ltr'><strong>ei</strong></span> 
     </span>
    </p>
   </div>
   <div class='ocr_carea' id='block_1_9' title="bbox 443 1219 2092 1299">
    <p class='ocr_par' dir='ltr' id='par_1_9' title="bbox 443 1219 2092 1299">
     <span class='ocr_line' id='line_1_9' title="bbox 443 1219 2092 1299; baseline -0.001 -16"><span class='ocrx_word' id='word_1_56' title='bbox 443 1219 774 1284; x_wconf 85' lang='lat' dir='ltr'><strong>Dominus:</strong></span> <span class='ocrx_word' id='word_1_57' title='bbox 842 1221 1051 1281; x_wconf 84' lang='lat' dir='ltr'><strong>Merito</strong></span> <span class='ocrx_word' id='word_1_58' title='bbox 1100 1220 1177 1281; x_wconf 87' lang='lat' dir='ltr'><strong>ita</strong></span> <span class='ocrx_word' id='word_1_59' title='bbox 1226 1220 1301 1282; x_wconf 89' lang='lat' dir='ltr'><strong>de</strong></span> <span class='ocrx_word' id='word_1_60' title='bbox 1357 1222 1567 1299; x_wconf 85' lang='lat' dir='ltr'><strong>sentis;</strong></span> <span class='ocrx_word' id='word_1_61' title='bbox 1617 1223 1879 1284; x_wconf 88' lang='lat' dir='ltr'><strong>nondum</strong></span> <span class='ocrx_word' id='word_1_62' title='bbox 1933 1222 2092 1284; x_wconf 90' lang='lat' dir='ltr'><strong>enim</strong></span> 
     </span>
    </p>
   </div>
   <div class='ocr_carea' id='block_1_10' title="bbox 445 1308 2095 1390">
    <p class='ocr_par' dir='ltr' id='par_1_10' title="bbox 445 1308 2095 1390">
     <span class='ocr_line' id='line_1_10' title="bbox 445 1308 2095 1390; baseline 0 -19"><span class='ocrx_word' id='word_1_63' title='bbox 445 1321 622 1371; x_wconf 87' lang='lat' dir='ltr'><strong>natus</strong></span> <span class='ocrx_word' id='word_1_64' title='bbox 642 1326 706 1369; x_wconf 91' lang='lat' dir='ltr'><strong>es</strong></span> <span class='ocrx_word' id='word_1_65' title='bbox 735 1326 1015 1389; x_wconf 83' lang='lat' dir='ltr'><strong>superne,</strong></span> <span class='ocrx_word' id='word_1_66' title='bbox 1052 1308 1165 1370; x_wconf 86' lang='lat' dir='ltr'><strong>hoc</strong></span> <span class='ocrx_word' id='word_1_67' title='bbox 1197 1319 1309 1381; x_wconf 90' lang='lat' dir='ltr'><strong>est,</strong></span> <span class='ocrx_word' id='word_1_68' title='bbox 1343 1328 1377 1370; x_wconf 92' lang='lat' dir='ltr'><strong>a</strong></span> <span class='ocrx_word' id='word_1_69' title='bbox 1407 1308 1525 1373; x_wconf 92' lang='lat' dir='ltr'><strong>Deo</strong></span> <span class='ocrx_word' id='word_1_70' title='bbox 1551 1309 1848 1390; x_wconf 89' lang='lat' dir='ltr'><strong>spirituali</strong></span> <span class='ocrx_word' id='word_1_71' title='bbox 1894 1309 2095 1372; x_wconf 89' lang='lat' dir='ltr'><strong>nativi-</strong></span> 
     </span>
    </p>
   </div>
   <div class='ocr_carea' id='block_1_11' title="bbox 446 1397 2094 1480">
    <p class='ocr_par' dir='ltr' id='par_1_11' title="bbox 446 1397 2094 1480">
     <span class='ocr_line' id='line_1_11' title="bbox 446 1397 2094 1480; baseline 0.001 -21"><span class='ocrx_word' id='word_1_72' title='bbox 446 1405 588 1472; x_wconf 85' lang='lat' dir='ltr'><strong>tate,</strong></span> <span class='ocrx_word' id='word_1_73' title='bbox 622 1397 727 1460; x_wconf 91' lang='lat' dir='ltr'><strong>sed</strong></span> <span class='ocrx_word' id='word_1_74' title='bbox 784 1397 1038 1459; x_wconf 87' lang='lat' dir='ltr'><strong>carnalis</strong></span> <span class='ocrx_word' id='word_1_75' title='bbox 1085 1416 1150 1458; x_wconf 89' lang='lat' dir='ltr'><strong>es</strong></span> <span class='ocrx_word' id='word_1_76' title='bbox 1189 1415 1201 1460; x_wconf 91' lang='lat'><strong>:</strong></span> <span class='ocrx_word' id='word_1_77' title='bbox 1252 1406 1307 1460; x_wconf 87' lang='lat' dir='ltr'><strong>et</strong></span> <span class='ocrx_word' id='word_1_78' title='bbox 1359 1398 1613 1478; x_wconf 83' lang='lat' dir='ltr'><strong>cognitio</strong></span> <span class='ocrx_word' id='word_1_79' title='bbox 1665 1418 1838 1480; x_wconf 88' lang='lat' dir='ltr'><strong>quam</strong></span> <span class='ocrx_word' id='word_1_80' title='bbox 1879 1400 1954 1461; x_wconf 92' lang='lat' dir='ltr'><strong>de</strong></span> <span class='ocrx_word' id='word_1_81' title='bbox 2001 1419 2094 1461; x_wconf 89' lang='lat' dir='ltr'><strong>me</strong></span> 
     </span>
    </p>
   </div>
   <div class='ocr_carea' id='block_1_12' title="bbox 444 1485 2093 1566">
    <p class='ocr_par' dir='ltr' id='par_1_12' title="bbox 444 1485 2093 1566">
     <span class='ocr_line' id='line_1_12' title="bbox 444 1485 2093 1566; baseline 0 -16"><span class='ocrx_word' id='word_1_82' title='bbox 444 1486 653 1561; x_wconf 89' lang='lat' dir='ltr'><strong>habes,</strong></span> <span class='ocrx_word' id='word_1_83' title='bbox 680 1505 798 1548; x_wconf 90' lang='lat' dir='ltr'><strong>non</strong></span> <span class='ocrx_word' id='word_1_84' title='bbox 829 1495 919 1548; x_wconf 92' lang='lat' dir='ltr'><strong>est</strong></span> <span class='ocrx_word' id='word_1_85' title='bbox 947 1485 1296 1566; x_wconf 89' lang='lat' dir='ltr'><strong>spiritualis,</strong></span> <span class='ocrx_word' id='word_1_86' title='bbox 1327 1487 1430 1549; x_wconf 92' lang='lat' dir='ltr'><strong>sed</strong></span> <span class='ocrx_word' id='word_1_87' title='bbox 1463 1487 1762 1562; x_wconf 84' lang='lat' dir='ltr'><strong>animalis,</strong></span> <span class='ocrx_word' id='word_1_88' title='bbox 1797 1497 1856 1550; x_wconf 92' lang='lat' dir='ltr'><strong>et</strong></span> <span class='ocrx_word' id='word_1_89' title='bbox 1885 1489 2093 1551; x_wconf 91' lang='lat' dir='ltr'><strong>huma-</strong></span> 
     </span>
    </p>
   </div>
   <div class='ocr_carea' id='block_1_13' title="bbox 1378 375 2860 444">
    <p class='ocr_par' dir='ltr' id='par_1_13' title="bbox 1378 375 2860 444">
     <span class='ocr_line' id='line_1_13' title="bbox 1378 375 2860 444; baseline -0.007 0"><span class='ocrx_word' id='word_1_90' title='bbox 1378 375 2006 444; x_wconf 63' lang='lat' dir='ltr'><strong>&quot;THEOPHYLACTI</strong></span> <span class='ocrx_word' id='word_1_91' title='bbox 2051 378 2456 441; x_wconf 64' lang='lat' dir='ltr'><strong>BULGARl/E</strong></span> <span class='ocrx_word' id='word_1_92' title='bbox 2504 378 2860 442; x_wconf 81' lang='lat' dir='ltr'><strong>ARCHIEP.</strong></span> 
     </span>
    </p>
   </div>
   <div class='ocr_carea' id='block_1_14' title="bbox 528 504 2161 588">
    <p class='ocr_par' dir='ltr' id='par_1_14' title="bbox 528 504 2161 588">
     <span class='ocr_line' id='line_1_14' title="bbox 528 504 2161 588; baseline -0.002 -20"><span class='ocrx_word' id='word_1_93' title='bbox 528 504 710 570; x_wconf 72' lang='lat' dir='ltr'><strong>Vitas.</strong></span> <span class='ocrx_word' id='word_1_94' title='bbox 746 506 806 571; x_wconf 86' lang='lat'><strong>3.</strong></span> <span class='ocrx_word' id='word_1_95' title='bbox 851 530 874 564; x_wconf 76' lang='grc' dir='ltr'><strong>ι</strong></span> <span class='ocrx_word' id='word_1_96' title='bbox 910 506 1244 588; x_wconf 78' lang='lat' dir='ltr'><strong>Respondit</strong></span> <span class='ocrx_word' id='word_1_97' title='bbox 1269 510 1465 584; x_wconf 85' lang='lat' dir='ltr'><strong>Jesus,</strong></span> <span class='ocrx_word' id='word_1_98' title='bbox 1500 516 1560 572; x_wconf 90' lang='lat' dir='ltr'><strong>et</strong></span> <span class='ocrx_word' id='word_1_99' title='bbox 1589 508 1811 572; x_wconf 80' lang='lat' dir='ltr'><strong>dixitei</strong></span> <span class='ocrx_word' id='word_1_100' title='bbox 1836 528 1851 573; x_wconf 88' lang='lat'>:</span> <span class='ocrx_word' id='word_1_101' title='bbox 1876 509 2095 583; x_wconf 81' lang='lat' dir='ltr'><strong>Amen,</strong></span> <span class='ocrx_word' id='word_1_102' title='bbox 2121 516 2161 564; x_wconf 84' lang='grc' dir='ltr'><strong>Λ</strong></span> 
     </span>
    </p>
   </div>
   <div class='ocr_carea' id='block_1_15' title="bbox 2269 507 3852 590">
    <p class='ocr_par' dir='ltr' id='par_1_15' title="bbox 2269 507 3852 590">
     <span class='ocr_line' id='line_1_15' title="bbox 2269 507 3852 590; baseline -0.002 -25"><span class='ocrx_word' id='word_1_103' title='bbox 2269 533 2295 564; x_wconf 75' lang='grc' dir='ltr'>ι</span> <span class='ocrx_word' id='word_1_104' title='bbox 2327 508 2613 590; x_wconf 77' lang='grc' dir='ltr'><strong>Ἀπεκρίθη</strong></span> <span class='ocrx_word' id='word_1_105' title='bbox 2673 512 2702 567; x_wconf 99' lang='lat'><strong>6</strong></span> <span class='ocrx_word' id='word_1_106' title='bbox 2756 508 2989 590; x_wconf 82' lang='grc' dir='ltr'>Ἰησοῦς,</span> <span class='ocrx_word' id='word_1_107' title='bbox 3035 511 3120 566; x_wconf 82' lang='grc' dir='ltr'><strong>καὶ</strong></span> <span class='ocrx_word' id='word_1_108' title='bbox 3168 512 3322 567; x_wconf 83' lang='grc' dir='ltr'>εἶπεν</span> <span class='ocrx_word' id='word_1_109' title='bbox 3375 512 3518 583; x_wconf 68' lang='grc' dir='ltr'>αὐτῷ</span> <span class='ocrx_word' id='word_1_110' title='bbox 3555 527 3569 542; x_wconf 84' lang='grc'><strong>⁸</strong></span> <span class='ocrx_word' id='word_1_111' title='bbox 3633 507 3852 586; x_wconf 75' lang='grc' dir='ltr'>Ἀμὴν,</span> 
     </span>
    </p>
   </div>
   <div class='ocr_carea' id='block_1_16' title="bbox 2181 596 3852 677">
    <p class='ocr_par' dir='ltr' id='par_1_16' title="bbox 2181 596 3852 677">
     <span class='ocr_line' id='line_1_16' title="bbox 2181 596 3852 677; baseline -0.001 -23"><span class='ocrx_word' id='word_1_112' title='bbox 2181 599 2323 675; x_wconf 70' lang='grc' dir='ltr'>ἀμήν</span> <span class='ocrx_word' id='word_1_113' title='bbox 2355 597 2499 677; x_wconf 84' lang='grc' dir='ltr'>λέγω</span> <span class='ocrx_word' id='word_1_114' title='bbox 2556 622 2662 674; x_wconf 89' lang='grc' dir='ltr'>σοι,</span> <span class='ocrx_word' id='word_1_115' title='bbox 2718 600 2812 656; x_wconf 72' lang='grc' dir='ltr'>ἐὰν</span> <span class='ocrx_word' id='word_1_116' title='bbox 2869 601 2946 673; x_wconf 85' lang='grc' dir='ltr'>μή</span> <span class='ocrx_word' id='word_1_117' title='bbox 2998 622 3076 662; x_wconf 91' lang='grc' dir='ltr'><strong>τις</strong></span> <span class='ocrx_word' id='word_1_118' title='bbox 3127 603 3355 677; x_wconf 78' lang='grc' dir='ltr'><strong>γεννηθῇ</strong></span> <span class='ocrx_word' id='word_1_119' title='bbox 3387 599 3605 677; x_wconf 74' lang='grc' dir='ltr'>ἄνωθεν,</span> <span class='ocrx_word' id='word_1_120' title='bbox 3638 602 3699 657; x_wconf 72' lang='grc' dir='ltr'>οὗ</span> <span class='ocrx_word' id='word_1_121' title='bbox 3748 596 3852 653; x_wconf 81' lang='grc' dir='ltr'>δύ-</span> 
     </span>
    </p>
   </div>
   <div class='ocr_carea' id='block_1_17' title="bbox 2181 686 3854 765">
    <p class='ocr_par' dir='ltr' id='par_1_17' title="bbox 2181 686 3854 765">
     <span class='ocr_line' id='line_1_17' title="bbox 2181 686 3854 765; baseline 0 -23"><span class='ocrx_word' id='word_1_122' title='bbox 2181 711 2330 745; x_wconf 83' lang='grc' dir='ltr'>ναται</span> <span class='ocrx_word' id='word_1_123' title='bbox 2388 686 2520 745; x_wconf 79' lang='grc' dir='ltr'>ίδεϊν</span> <span class='ocrx_word' id='word_1_124' title='bbox 2592 690 2688 757; x_wconf 78' lang='grc' dir='ltr'>τὴν</span> <span class='ocrx_word' id='word_1_125' title='bbox 2745 688 3017 765; x_wconf 87' lang='grc' dir='ltr'>βασιλείαν</span> <span class='ocrx_word' id='word_1_126' title='bbox 3090 696 3180 745; x_wconf 89' lang='grc' dir='ltr'><strong>τοῦ</strong></span> <span class='ocrx_word' id='word_1_127' title='bbox 3236 696 3389 752; x_wconf 86' lang='grc' dir='ltr'>Θεοῦ,</span> <span class='ocrx_word' id='word_1_128' title='bbox 3454 714 3481 744; x_wconf 69' lang='grc' dir='ltr'><strong>π</strong></span> <span class='ocrx_word' id='word_1_129' title='bbox 3550 699 3719 746; x_wconf 76' lang='grc' dir='ltr'>Δοκεῖ</span> <span class='ocrx_word' id='word_1_130' title='bbox 3781 688 3854 744; x_wconf 70' lang='grc' dir='ltr'>τὰ</span> 
     </span>
    </p>
   </div>
   <div class='ocr_carea' id='block_1_18' title="bbox 2179 776 3849 859">
    <p class='ocr_par' dir='ltr' id='par_1_18' title="bbox 2179 776 3849 859">
     <span class='ocr_line' id='line_1_18' title="bbox 2179 776 3849 859; baseline -0.001 -24"><span class='ocrx_word' id='word_1_131' title='bbox 2179 780 2321 858; x_wconf 80' lang='grc' dir='ltr'>παρὰ</span> <span class='ocrx_word' id='word_1_132' title='bbox 2384 785 2477 836; x_wconf 92' lang='grc' dir='ltr'><strong>τοῦ</strong></span> <span class='ocrx_word' id='word_1_133' title='bbox 2552 784 2803 859; x_wconf 78' lang='grc' dir='ltr'>Σωτῆρος</span> <span class='ocrx_word' id='word_1_134' title='bbox 2874 780 3003 857; x_wconf 79' lang='grc' dir='ltr'>πρὸς</span> <span class='ocrx_word' id='word_1_135' title='bbox 3062 779 3151 834; x_wconf 80' lang='grc' dir='ltr'>τὸν</span> <span class='ocrx_word' id='word_1_136' title='bbox 3232 776 3533 853; x_wconf 78' lang='grc' dir='ltr'><strong>Νικόδημον</strong></span> <span class='ocrx_word' id='word_1_137' title='bbox 3586 778 3849 857; x_wconf 79' lang='grc' dir='ltr'>ῥηθέντα,</span> 
     </span>
    </p>
   </div>
   <div class='ocr_carea' id='block_1_19' title="bbox 2180 865 3847 949">
    <p class='ocr_par' dir='ltr' id='par_1_19' title="bbox 2180 865 3847 949">
     <span class='ocr_line' id='line_1_19' title="bbox 2180 865 3847 949; baseline -0.002 -24"><span class='ocrx_word' id='word_1_138' title='bbox 2180 866 2423 945; x_wconf 76' lang='grc' dir='ltr'>οῦδεμίαν</span> <span class='ocrx_word' id='word_1_139' title='bbox 2468 869 2745 925; x_wconf 79' lang='grc' dir='ltr'>κοινωνίαν</span> <span class='ocrx_word' id='word_1_140' title='bbox 2789 866 2939 949; x_wconf 80' lang='grc' dir='ltr'>ἔχειν</span> <span class='ocrx_word' id='word_1_141' title='bbox 2982 871 3112 944; x_wconf 82' lang='grc' dir='ltr'>πρὸς</span> <span class='ocrx_word' id='word_1_142' title='bbox 3159 867 3190 923; x_wconf 79' lang='grc' dir='ltr'>ἂ</span> <span class='ocrx_word' id='word_1_143' title='bbox 3250 868 3468 947; x_wconf 71' lang='grc' dir='ltr'>εἴρηκεν</span> <span class='ocrx_word' id='word_1_144' title='bbox 3524 871 3551 925; x_wconf 91' lang='lat'><strong>6</strong></span> <span class='ocrx_word' id='word_1_145' title='bbox 3596 865 3847 933; x_wconf 82' lang='grc' dir='ltr'>Νικόδη-</span> 
     </span>
    </p>
   </div>
   <div class='ocr_carea' id='block_1_20' title="bbox 2181 956 3857 1038">
    <p class='ocr_par' dir='ltr' id='par_1_20' title="bbox 2181 956 3857 1038">
     <span class='ocr_line' id='line_1_20' title="bbox 2181 956 3857 1038; baseline -0.004 -21"><span class='ocrx_word' id='word_1_146' title='bbox 2181 980 2280 1020; x_wconf 74' lang='grc' dir='ltr'><strong>μος</strong></span> <span class='ocrx_word' id='word_1_147' title='bbox 2314 975 2328 990; x_wconf 88' lang='lat'><strong>&#39;</strong></span> <span class='ocrx_word' id='word_1_148' title='bbox 2390 964 2467 1030; x_wconf 84' lang='grc' dir='ltr'>τῷ</span> <span class='ocrx_word' id='word_1_149' title='bbox 2511 956 2562 1012; x_wconf 80' lang='grc' dir='ltr'>δὲ</span> <span class='ocrx_word' id='word_1_150' title='bbox 2625 958 2943 1038; x_wconf 77' lang='grc' dir='ltr'>προσέχοντι</span> <span class='ocrx_word' id='word_1_151' title='bbox 3011 960 3100 1015; x_wconf 83' lang='grc' dir='ltr'><strong>καὶ</strong></span> <span class='ocrx_word' id='word_1_152' title='bbox 3155 956 3331 1023; x_wconf 77' lang='grc' dir='ltr'>πολλῆ</span> <span class='ocrx_word' id='word_1_153' title='bbox 3390 956 3635 1013; x_wconf 87' lang='grc' dir='ltr'>κοινωνία</span> <span class='ocrx_word' id='word_1_154' title='bbox 3667 956 3857 1034; x_wconf 61' lang='grc' dir='ltr'>ἐμφα-</span> 
     </span>
    </p>
   </div>
   <div class='ocr_carea' id='block_1_21' title="bbox 2182 1045 3852 1126">
    <p class='ocr_par' dir='ltr' id='par_1_21' title="bbox 2182 1045 3852 1126">
     <span class='ocr_line' id='line_1_21' title="bbox 2182 1045 3852 1126; baseline -0.002 -25"><span class='ocrx_word' id='word_1_155' title='bbox 2182 1048 2420 1116; x_wconf 74' lang='grc' dir='ltr'>νήσεται.</span> <span class='ocrx_word' id='word_1_156' title='bbox 2484 1048 2636 1104; x_wconf 84' lang='grc' dir='ltr'>Ἐπεὶ</span> <span class='ocrx_word' id='word_1_157' title='bbox 2693 1048 2791 1126; x_wconf 79' lang='grc' dir='ltr'>γὰρ</span> <span class='ocrx_word' id='word_1_158' title='bbox 2850 1049 2877 1102; x_wconf 92' lang='lat'><strong>6</strong></span> <span class='ocrx_word' id='word_1_159' title='bbox 2923 1045 3223 1122; x_wconf 74' lang='grc' dir='ltr'><strong>Νικόδημος</strong></span> <span class='ocrx_word' id='word_1_160' title='bbox 3255 1045 3522 1121; x_wconf 69' lang='grc' dir='ltr'>ὺπόληψιν</span> <span class='ocrx_word' id='word_1_161' title='bbox 3554 1048 3680 1125; x_wconf 72' lang='grc' dir='ltr'>εἶχε</span> <span class='ocrx_word' id='word_1_162' title='bbox 3721 1047 3852 1121; x_wconf 77' lang='grc' dir='ltr'>περὶ</span> 
     </span>
    </p>
   </div>
   <div class='ocr_carea' id='block_1_22' title="bbox 2182 1129 3854 1215">
    <p class='ocr_par' dir='ltr' id='par_1_22' title="bbox 2182 1129 3854 1215">
     <span class='ocr_line' id='line_1_22' title="bbox 2182 1129 3854 1215; baseline -0.001 -23"><span class='ocrx_word' id='word_1_163' title='bbox 2182 1129 2407 1215; x_wconf 70' lang='grc' dir='ltr'>Χριστοῦ</span> <span class='ocrx_word' id='word_1_164' title='bbox 2470 1136 2748 1207; x_wconf 76' lang='grc' dir='ltr'>ταπεινὴν,</span> <span class='ocrx_word' id='word_1_165' title='bbox 2824 1136 2916 1192; x_wconf 70' lang='grc' dir='ltr'>’ίνα</span> <span class='ocrx_word' id='word_1_166' title='bbox 2967 1134 3277 1200; x_wconf 83' lang='grc' dir='ltr'>διδάσκαλος</span> <span class='ocrx_word' id='word_1_167' title='bbox 3345 1135 3479 1205; x_wconf 84' lang='grc' dir='ltr'>ἐστι,</span> <span class='ocrx_word' id='word_1_168' title='bbox 3539 1138 3624 1191; x_wconf 86' lang='grc' dir='ltr'><strong>καὶ</strong></span> <span class='ocrx_word' id='word_1_169' title='bbox 3667 1134 3755 1191; x_wconf 81' lang='grc' dir='ltr'>ὅτι</span> <span class='ocrx_word' id='word_1_170' title='bbox 3818 1138 3854 1190; x_wconf 75' lang='grc' dir='ltr'>ὃ</span> 
     </span>
    </p>
   </div>
   <div class='ocr_carea' id='block_1_23' title="bbox 2180 1224 3846 1304">
    <p class='ocr_par' dir='ltr' id='par_1_23' title="bbox 2180 1224 3846 1304">
     <span class='ocr_line' id='line_1_23' title="bbox 2180 1224 3846 1304; baseline -0.003 -23"><span class='ocrx_word' id='word_1_171' title='bbox 2180 1225 2311 1289; x_wconf 85' lang='grc' dir='ltr'>Θεός</span> <span class='ocrx_word' id='word_1_172' title='bbox 2364 1226 2473 1281; x_wconf 87' lang='grc' dir='ltr'>ἐστι</span> <span class='ocrx_word' id='word_1_173' title='bbox 2534 1225 2651 1301; x_wconf 82' lang='grc' dir='ltr'>μετ’</span> <span class='ocrx_word' id='word_1_174' title='bbox 2718 1226 2896 1297; x_wconf 75' lang='grc' dir='ltr'>αὐτοῦ,</span> <span class='ocrx_word' id='word_1_175' title='bbox 2974 1227 3103 1304; x_wconf 76' lang='grc' dir='ltr'><strong>φησί</strong></span> <span class='ocrx_word' id='word_1_176' title='bbox 3159 1226 3290 1303; x_wconf 82' lang='grc' dir='ltr'>πρὸς</span> <span class='ocrx_word' id='word_1_177' title='bbox 3350 1225 3503 1282; x_wconf 76' lang='grc' dir='ltr'>αὐτὸν</span> <span class='ocrx_word' id='word_1_178' title='bbox 3547 1226 3574 1278; x_wconf 84' lang='lat'><strong>6</strong></span> <span class='ocrx_word' id='word_1_179' title='bbox 3622 1224 3846 1300; x_wconf 83' lang='grc' dir='ltr'>Κύριος,</span> 
     </span>
    </p>
   </div>
   <div class='ocr_carea' id='block_1_24' title="bbox 2178 1311 3850 1394">
    <p class='ocr_par' dir='ltr' id='par_1_24' title="bbox 2178 1311 3850 1394">
     <span class='ocr_line' id='line_1_24' title="bbox 2178 1311 3850 1394; baseline -0.003 -24"><span class='ocrx_word' id='word_1_180' title='bbox 2178 1312 2256 1370; x_wconf 78' lang='grc' dir='ltr'>ὅτι</span> <span class='ocrx_word' id='word_1_181' title='bbox 2294 1315 2524 1381; x_wconf 76' lang='grc' dir='ltr'><strong>Εἰκότως</strong></span> <span class='ocrx_word' id='word_1_182' title='bbox 2554 1314 2703 1394; x_wconf 79' lang='grc' dir='ltr'>ἔχεις</span> <span class='ocrx_word' id='word_1_183' title='bbox 2736 1315 2984 1383; x_wconf 76' lang='grc' dir='ltr'>τοιαύτην</span> <span class='ocrx_word' id='word_1_184' title='bbox 3027 1311 3298 1389; x_wconf 77' lang='grc' dir='ltr'><strong>ὑπόληψιν</strong></span> <span class='ocrx_word' id='word_1_185' title='bbox 3345 1314 3461 1390; x_wconf 87' lang='grc' dir='ltr'>περὶ</span> <span class='ocrx_word' id='word_1_186' title='bbox 3488 1311 3637 1387; x_wconf 78' lang='grc' dir='ltr'>ἐμοῦ.</span> <span class='ocrx_word' id='word_1_187' title='bbox 3673 1311 3850 1369; x_wconf 69' lang='grc' dir='ltr'>Οὔπω</span> 
     </span>
    </p>
   </div>
   <div class='ocr_carea' id='block_1_25' title="bbox 2179 1401 3847 1483">
    <p class='ocr_par' dir='ltr' id='par_1_25' title="bbox 2179 1401 3847 1483">
     <span class='ocr_line' id='line_1_25' title="bbox 2179 1401 3847 1483; baseline -0.001 -26"><span class='ocrx_word' id='word_1_188' title='bbox 2179 1404 2277 1481; x_wconf 68' lang='grc' dir='ltr'><strong>γὰρ</strong></span> <span class='ocrx_word' id='word_1_189' title='bbox 2335 1404 2620 1483; x_wconf 78' lang='grc' dir='ltr'>ἐγεννήθης</span> <span class='ocrx_word' id='word_1_190' title='bbox 2665 1401 2886 1483; x_wconf 77' lang='grc' dir='ltr'>ἄνωθεν,</span> <span class='ocrx_word' id='word_1_191' title='bbox 2949 1403 3237 1477; x_wconf 81' lang='grc' dir='ltr'>τουτέστιν,</span> <span class='ocrx_word' id='word_1_192' title='bbox 3284 1405 3347 1458; x_wconf 73' lang='grc' dir='ltr'><strong>ἐκ</strong></span> <span class='ocrx_word' id='word_1_193' title='bbox 3404 1404 3534 1458; x_wconf 84' lang='grc' dir='ltr'>Θεοῦ</span> <span class='ocrx_word' id='word_1_194' title='bbox 3587 1422 3847 1475; x_wconf 79' lang='grc' dir='ltr'>πνευμα-</span> 
     </span>
    </p>
   </div>
   <div class='ocr_carea' id='block_1_26' title="bbox 2871 1451 2886 1483">
    <p class='ocr_par' dir='ltr' id='par_1_26' title="bbox 2871 1451 2886 1483">
     <span class='ocr_line' id='line_1_26' title="bbox 2871 1451 2886 1483; baseline 0 0"><span class='ocrx_word' id='word_1_195' title='bbox 2871 1451 2886 1483; x_wconf 71' lang='grc' dir='ltr'><em>ἳ</em></span> 
     </span>
    </p>
   </div>
   <div class='ocr_carea' id='block_1_27' title="bbox 2178 1489 3842 1571">
    <p class='ocr_par' dir='ltr' id='par_1_27' title="bbox 2178 1489 3842 1571">
     <span class='ocr_line' id='line_1_27' title="bbox 2178 1489 3842 1571; baseline -0.002 -23"><span class='ocrx_word' id='word_1_196' title='bbox 2178 1492 2335 1559; x_wconf 81' lang='grc' dir='ltr'>τικῆν</span> <span class='ocrx_word' id='word_1_197' title='bbox 2392 1492 2664 1570; x_wconf 79' lang='grc' dir='ltr'>γέννησιν,</span> <span class='ocrx_word' id='word_1_198' title='bbox 2710 1489 2830 1549; x_wconf 81' lang='grc' dir='ltr'>ἀλλ’</span> <span class='ocrx_word' id='word_1_199' title='bbox 2881 1491 2956 1549; x_wconf 78' lang='grc' dir='ltr'>ἔτι</span> <span class='ocrx_word' id='word_1_200' title='bbox 3013 1493 3261 1571; x_wconf 83' lang='grc' dir='ltr'>σαρκικὸς</span> <span class='ocrx_word' id='word_1_201' title='bbox 3313 1492 3393 1567; x_wconf 84' lang='grc' dir='ltr'>ε’ί,</span> <span class='ocrx_word' id='word_1_202' title='bbox 3430 1493 3516 1547; x_wconf 83' lang='grc' dir='ltr'><strong>καὶ</strong></span> <span class='ocrx_word' id='word_1_203' title='bbox 3545 1492 3578 1558; x_wconf 77' lang='grc' dir='ltr'><strong>ἡ</strong></span> <span class='ocrx_word' id='word_1_204' title='bbox 3609 1497 3842 1568; x_wconf 72' lang='grc' dir='ltr'>γνῶσις,</span> 
     </span>
    </p>
   </div>
   <div class='ocr_carea' id='block_1_28' title="bbox 446 1568 2108 1661">
    <p class='ocr_par' dir='ltr' id='par_1_28' title="bbox 446 1568 2091 1659">
     <span class='ocr_line' id='line_1_28' title="bbox 446 1568 2091 1659; baseline 0.001 -20"><span class='ocrx_word' id='word_1_205' title='bbox 446 1568 543 1640; x_wconf 57' lang='grc' dir='ltr'>ηεξ</span> <span class='ocrx_word' id='word_1_206' title='bbox 575 1574 694 1655; x_wconf 89' lang='lat' dir='ltr'><strong>Ego</strong></span> <span class='ocrx_word' id='word_1_207' title='bbox 725 1582 921 1637; x_wconf 89' lang='lat' dir='ltr'><strong>autem</strong></span> <span class='ocrx_word' id='word_1_208' title='bbox 952 1575 1090 1636; x_wconf 91' lang='lat' dir='ltr'><strong>dico</strong></span> <span class='ocrx_word' id='word_1_209' title='bbox 1123 1574 1252 1649; x_wconf 91' lang='lat' dir='ltr'><strong>tibi,</strong></span> <span class='ocrx_word' id='word_1_210' title='bbox 1279 1576 1435 1656; x_wconf 91' lang='lat' dir='ltr'><strong>quod</strong></span> <span class='ocrx_word' id='word_1_211' title='bbox 1466 1577 1579 1637; x_wconf 88' lang='lat' dir='ltr'><strong>nisi</strong></span> <span class='ocrx_word' id='word_1_212' title='bbox 1617 1586 1703 1657; x_wconf 85' lang='lat' dir='ltr'><strong>tu,</strong></span> <span class='ocrx_word' id='word_1_213' title='bbox 1732 1585 1789 1638; x_wconf 92' lang='lat' dir='ltr'><strong>et</strong></span> <span class='ocrx_word' id='word_1_214' title='bbox 1819 1578 2091 1659; x_wconf 87' lang='lat' dir='ltr'><strong>quisquis</strong></span> 
     </span>
    </p>
   </div>
   <div class='ocr_carea' id='block_1_29' title="bbox 2194 1568 3845 1661">
    <p class='ocr_par' dir='ltr' id='par_1_29' title="bbox 2194 1568 3845 1661">
     <span class='ocr_line' id='line_1_29' title="bbox 2194 1568 3845 1661; baseline -0.002 -25"><span class='ocrx_word' id='word_1_215' title='bbox 2194 1581 2240 1649; x_wconf 72' lang='grc' dir='ltr'>ὶν</span> <span class='ocrx_word' id='word_1_216' title='bbox 2273 1568 2420 1661; x_wconf 77' lang='grc' dir='ltr'>ἔχεις</span> <span class='ocrx_word' id='word_1_217' title='bbox 2465 1582 2582 1660; x_wconf 88' lang='grc' dir='ltr'>περὶ</span> <span class='ocrx_word' id='word_1_218' title='bbox 2614 1582 2766 1657; x_wconf 80' lang='grc' dir='ltr'>ἐμοῦ,</span> <span class='ocrx_word' id='word_1_219' title='bbox 2801 1586 2894 1640; x_wconf 72' lang='grc' dir='ltr'><strong>οὒκ</strong></span> <span class='ocrx_word' id='word_1_220' title='bbox 2917 1580 3027 1639; x_wconf 78' lang='grc' dir='ltr'>ἔστι</span> <span class='ocrx_word' id='word_1_221' title='bbox 3058 1582 3410 1657; x_wconf 82' lang='grc' dir='ltr'>πνευματικὴ,</span> <span class='ocrx_word' id='word_1_222' title='bbox 3446 1580 3578 1637; x_wconf 71' lang='grc' dir='ltr'>ἀλλὰ</span> <span class='ocrx_word' id='word_1_223' title='bbox 3620 1585 3845 1659; x_wconf 50' lang='grc' dir='ltr'>ψυχική</span> 
     </span>
    </p>
   </div>
   <div class='ocr_carea' id='block_1_30' title="bbox 445 1661 2108 1750">
    <p class='ocr_par' dir='ltr' id='par_1_30' title="bbox 445 1664 2087 1746">
     <span class='ocr_line' id='line_1_30' title="bbox 445 1664 2087 1746; baseline -0.001 -18"><span class='ocrx_word' id='word_1_224' title='bbox 445 1666 597 1729; x_wconf 90' lang='lat' dir='ltr'><strong>alius</strong></span> <span class='ocrx_word' id='word_1_225' title='bbox 618 1665 1084 1745; x_wconf 80' lang='lat' dir='ltr'><strong>fuerit,superne</strong></span> <span class='ocrx_word' id='word_1_226' title='bbox 1107 1672 1161 1726; x_wconf 91' lang='lat' dir='ltr'><strong>et</strong></span> <span class='ocrx_word' id='word_1_227' title='bbox 1189 1683 1257 1726; x_wconf 85' lang='lat' dir='ltr'><strong>ex</strong></span> <span class='ocrx_word' id='word_1_228' title='bbox 1281 1664 1403 1727; x_wconf 91' lang='lat' dir='ltr'><strong>Deo</strong></span> <span class='ocrx_word' id='word_1_229' title='bbox 1436 1666 1556 1727; x_wconf 88' lang='lat' dir='ltr'><strong>nati</strong></span> <span class='ocrx_word' id='word_1_230' title='bbox 1581 1665 1834 1743; x_wconf 82' lang='lat' dir='ltr'><strong>fueritis,</strong></span> <span class='ocrx_word' id='word_1_231' title='bbox 1852 1676 1912 1728; x_wconf 86' lang='lat' dir='ltr'><strong>et</strong></span> <span class='ocrx_word' id='word_1_232' title='bbox 1934 1669 2087 1746; x_wconf 86' lang='lat' dir='ltr'><strong>piam</strong></span> 
     </span>
    </p>
   </div>
   <div class='ocr_carea' id='block_1_31' title="bbox 2194 1661 3847 1750">
    <p class='ocr_par' dir='ltr' id='par_1_31' title="bbox 2194 1661 3847 1750">
     <span class='ocr_line' id='line_1_31' title="bbox 2194 1661 3847 1750; baseline -0.002 -24"><span class='ocrx_word' id='word_1_233' title='bbox 2194 1672 2259 1727; x_wconf 77' lang='lat' dir='ltr'><strong>tati</strong></span> <span class='ocrx_word' id='word_1_234' title='bbox 2302 1670 2627 1749; x_wconf 76' lang='grc' dir='ltr'>ἆνθρωπική.</span> <span class='ocrx_word' id='word_1_235' title='bbox 2677 1668 2822 1750; x_wconf 85' lang='grc' dir='ltr'><strong>Ἐγὼ</strong></span> <span class='ocrx_word' id='word_1_236' title='bbox 2872 1669 2928 1726; x_wconf 76' lang='grc' dir='ltr'>δὲ</span> <span class='ocrx_word' id='word_1_237' title='bbox 2985 1670 3126 1749; x_wconf 84' lang='grc' dir='ltr'>λέγω</span> <span class='ocrx_word' id='word_1_238' title='bbox 3184 1694 3291 1745; x_wconf 85' lang='grc' dir='ltr'>σοι,</span> <span class='ocrx_word' id='word_1_239' title='bbox 3352 1669 3431 1726; x_wconf 82' lang='grc' dir='ltr'>ὅτι</span> <span class='ocrx_word' id='word_1_240' title='bbox 3487 1671 3574 1727; x_wconf 84' lang='grc' dir='ltr'><strong>καὶ</strong></span> <span class='ocrx_word' id='word_1_241' title='bbox 3625 1670 3712 1748; x_wconf 75' lang='grc' dir='ltr'><strong>σὺ,</strong></span> <span class='ocrx_word' id='word_1_242' title='bbox 3749 1661 3847 1724; x_wconf 75' lang='grc' dir='ltr'><strong>καὶ</strong></span> 
     </span>
    </p>
   </div>
   <div class='ocr_carea' id='block_1_32' title="bbox 446 1753 2108 1852">
    <p class='ocr_par' dir='ltr' id='par_1_32' title="bbox 446 1753 2087 1836">
     <span class='ocr_line' id='line_1_32' title="bbox 446 1753 2087 1836; baseline 0.001 -18"><span class='ocrx_word' id='word_1_243' title='bbox 446 1764 507 1819; x_wconf 92' lang='lat' dir='ltr'><strong>et</strong></span> <span class='ocrx_word' id='word_1_244' title='bbox 527 1754 761 1836; x_wconf 82' lang='lat' dir='ltr'><strong>dignam</strong></span> <span class='ocrx_word' id='word_1_245' title='bbox 795 1753 869 1817; x_wconf 91' lang='lat' dir='ltr'><strong>de</strong></span> <span class='ocrx_word' id='word_1_246' title='bbox 900 1772 993 1815; x_wconf 92' lang='lat' dir='ltr'><strong>me</strong></span> <span class='ocrx_word' id='word_1_247' title='bbox 1016 1753 1360 1833; x_wconf 84' lang='lat' dir='ltr'><strong>Opinionem</strong></span> <span class='ocrx_word' id='word_1_248' title='bbox 1408 1754 1759 1828; x_wconf 84' lang='lat' dir='ltr'><strong>habueritis,</strong></span> <span class='ocrx_word' id='word_1_249' title='bbox 1794 1765 1956 1818; x_wconf 84' lang='lat' dir='ltr'><strong>extra</strong></span> <span class='ocrx_word' id='word_1_250' title='bbox 1986 1775 2087 1819; x_wconf 89' lang='lat' dir='ltr'><strong>re-</strong></span> 
     </span>
    </p>
   </div>
   <div class='ocr_carea' id='block_1_33' title="bbox 2194 1753 2635 1852">
    <p class='ocr_par' dir='ltr' id='par_1_33' title="bbox 2194 1756 2635 1825">
     <span class='ocr_line' id='line_1_33' title="bbox 2194 1756 2635 1825; baseline -0.002 -10"><span class='ocrx_word' id='word_1_251' title='bbox 2194 1756 2335 1825; x_wconf 80' lang='grc' dir='ltr'>ἱὶλλος</span> <span class='ocrx_word' id='word_1_252' title='bbox 2394 1760 2635 1816; x_wconf 81' lang='grc' dir='ltr'>ὁστισοῦν</span> 
     </span>
    </p>
   </div>
   <div class='ocr_carea' id='block_1_34' title="bbox 446 1841 2090 1926">
    <p class='ocr_par' dir='ltr' id='par_1_34' title="bbox 446 1841 2090 1926">
     <span class='ocr_line' id='line_1_34' title="bbox 446 1841 2090 1926; baseline -0.001 -20"><span class='ocrx_word' id='word_1_253' title='bbox 446 1864 561 1926; x_wconf 88' lang='lat' dir='ltr'><strong>gna</strong></span> <span class='ocrx_word' id='word_1_254' title='bbox 582 1846 866 1905; x_wconf 73' lang='lat' dir='ltr'><strong>cwlorum</strong></span> <span class='ocrx_word' id='word_1_255' title='bbox 895 1843 1053 1905; x_wconf 91' lang='lat' dir='ltr'><strong>estis.</strong></span> <span class='ocrx_word' id='word_1_256' title='bbox 1079 1841 1359 1905; x_wconf 91' lang='lat' dir='ltr'><strong>Nativitas</strong></span> <span class='ocrx_word' id='word_1_257' title='bbox 1382 1844 1540 1905; x_wconf 90' lang='lat' dir='ltr'><strong>enim</strong></span> <span class='ocrx_word' id='word_1_258' title='bbox 1578 1862 1683 1925; x_wconf 91' lang='lat' dir='ltr'><strong>per</strong></span> <span class='ocrx_word' id='word_1_259' title='bbox 1705 1844 2090 1925; x_wconf 87' lang='lat' dir='ltr'><strong>baptismum,</strong></span> 
     </span>
    </p>
   </div>
   <div class='ocr_carea' id='block_1_35' title="bbox 2643 1758 3848 1839">
    <p class='ocr_par' dir='ltr' id='par_1_35' title="bbox 2643 1758 3848 1839">
     <span class='ocr_line' id='line_1_35' title="bbox 2643 1758 3848 1839; baseline -0.007 -21"><span class='ocrx_word' id='word_1_260' title='bbox 2643 1807 2659 1839; x_wconf 91' lang='grc'><strong>,</strong></span> <span class='ocrx_word' id='word_1_261' title='bbox 2720 1759 2808 1817; x_wconf 81' lang='grc' dir='ltr'><strong>ἐὰν</strong></span> <span class='ocrx_word' id='word_1_262' title='bbox 2862 1759 2940 1834; x_wconf 79' lang='grc' dir='ltr'>μὴ</span> <span class='ocrx_word' id='word_1_263' title='bbox 2991 1758 3185 1816; x_wconf 66' lang='grc' dir='ltr'>ἄνωθεν</span> <span class='ocrx_word' id='word_1_264' title='bbox 3229 1761 3318 1815; x_wconf 89' lang='grc' dir='ltr'><strong>καὶ</strong></span> <span class='ocrx_word' id='word_1_265' title='bbox 3362 1759 3423 1816; x_wconf 81' lang='grc' dir='ltr'><strong>ἐκ</strong></span> <span class='ocrx_word' id='word_1_266' title='bbox 3478 1764 3608 1815; x_wconf 81' lang='grc' dir='ltr'>Θεοῦ</span> <span class='ocrx_word' id='word_1_267' title='bbox 3638 1779 3848 1835; x_wconf 87' lang='grc' dir='ltr'>γεννη-</span> 
     </span>
    </p>
   </div>
   <div class='ocr_carea' id='block_1_36' title="bbox 2176 1846 3845 1928">
    <p class='ocr_par' dir='ltr' id='par_1_36' title="bbox 2176 1846 3845 1928">
     <span class='ocr_line' id='line_1_36' title="bbox 2176 1846 3845 1928; baseline 0 -25"><span class='ocrx_word' id='word_1_268' title='bbox 2176 1847 2377 1922; x_wconf 80' lang='grc' dir='ltr'>θέντες,</span> <span class='ocrx_word' id='word_1_269' title='bbox 2438 1847 2534 1916; x_wconf 67' lang='grc' dir='ltr'>ττὶν</span> <span class='ocrx_word' id='word_1_270' title='bbox 2594 1848 2737 1914; x_wconf 74' lang='grc' dir='ltr'>ἀξίαν</span> <span class='ocrx_word' id='word_1_271' title='bbox 2798 1846 2949 1914; x_wconf 80' lang='grc' dir='ltr'>δόξαν</span> <span class='ocrx_word' id='word_1_272' title='bbox 3006 1849 3124 1928; x_wconf 83' lang='grc' dir='ltr'>περὶ</span> <span class='ocrx_word' id='word_1_273' title='bbox 3164 1851 3297 1923; x_wconf 72' lang='grc' dir='ltr'>ἐμοῦ</span> <span class='ocrx_word' id='word_1_274' title='bbox 3337 1846 3571 1919; x_wconf 76' lang='grc' dir='ltr'>λάϐοιτε,</span> <span class='ocrx_word' id='word_1_275' title='bbox 3606 1847 3708 1912; x_wconf 80' lang='grc' dir='ltr'><strong>’ἐξω</strong></span> <span class='ocrx_word' id='word_1_276' title='bbox 3739 1847 3845 1913; x_wconf 84' lang='grc' dir='ltr'><strong>τῆς</strong></span> 
     </span>
    </p>
   </div>
   <div class='ocr_carea' id='block_1_37' title="bbox 447 1931 2108 2016">
    <p class='ocr_par' dir='ltr' id='par_1_37' title="bbox 447 1931 2094 2014">
     <span class='ocr_line' id='line_1_37' title="bbox 447 1931 2094 2014; baseline 0.001 -18"><span class='ocrx_word' id='word_1_277' title='bbox 447 1934 940 1997; x_wconf 90' lang='lat' dir='ltr'><strong>illuminationem</strong></span> <span class='ocrx_word' id='word_1_278' title='bbox 980 1931 1251 2012; x_wconf 67' lang='lat' dir='ltr'><strong>praebens</strong></span> <span class='ocrx_word' id='word_1_279' title='bbox 1274 1932 1488 1994; x_wconf 75' lang='lat' dir='ltr'><strong>animae</strong></span> <span class='ocrx_word' id='word_1_280' title='bbox 1532 1952 1782 2012; x_wconf 84' lang='lat' dir='ltr'><strong>regnum</strong></span> <span class='ocrx_word' id='word_1_281' title='bbox 1816 1934 1947 2014; x_wconf 85' lang='lat' dir='ltr'><strong>Dei,</strong></span> <span class='ocrx_word' id='word_1_282' title='bbox 1982 1936 2094 1997; x_wconf 89' lang='lat' dir='ltr'><strong>hoc</strong></span> 
     </span>
    </p>
   </div>
   <div class='ocr_carea' id='block_1_38' title="bbox 2194 1931 3852 2016">
    <p class='ocr_par' dir='ltr' id='par_1_38' title="bbox 2194 1936 3852 2016">
     <span class='ocr_line' id='line_1_38' title="bbox 2194 1936 3852 2016; baseline -0.001 -23"><span class='ocrx_word' id='word_1_283' title='bbox 2194 1936 2446 2000; x_wconf 64' lang='grc' dir='ltr'>ιασιλείας</span> <span class='ocrx_word' id='word_1_284' title='bbox 2502 1936 2646 1999; x_wconf 88' lang='grc' dir='ltr'>ἐστέ.</span> <span class='ocrx_word' id='word_1_285' title='bbox 2727 1944 2771 1995; x_wconf 85' lang='grc' dir='ltr'><strong><em>Η</em></strong></span> <span class='ocrx_word' id='word_1_286' title='bbox 2822 1940 2922 2016; x_wconf 77' lang='grc' dir='ltr'>γὰρ</span> <span class='ocrx_word' id='word_1_287' title='bbox 2980 1936 3064 1994; x_wconf 80' lang='grc' dir='ltr'>διὰ</span> <span class='ocrx_word' id='word_1_288' title='bbox 3136 1945 3229 1995; x_wconf 85' lang='grc' dir='ltr'><strong>τοῦ</strong></span> <span class='ocrx_word' id='word_1_289' title='bbox 3286 1939 3648 2015; x_wconf 70' lang='grc' dir='ltr'>βαπτίσματος</span> <span class='ocrx_word' id='word_1_290' title='bbox 3707 1937 3852 2015; x_wconf 81' lang='grc' dir='ltr'>γέν-</span> 
     </span>
    </p>
   </div>
   <div class='ocr_carea' id='block_1_39' title="bbox 449 2020 2096 2103">
    <p class='ocr_par' dir='ltr' id='par_1_39' title="bbox 449 2020 2096 2103">
     <span class='ocr_line' id='line_1_39' title="bbox 449 2020 2096 2103; baseline 0 -17"><span class='ocrx_word' id='word_1_291' title='bbox 449 2031 559 2094; x_wconf 86' lang='lat' dir='ltr'><strong>est,</strong></span> <span class='ocrx_word' id='word_1_292' title='bbox 586 2020 954 2103; x_wconf 85' lang='lat' dir='ltr'><strong>unigenitum</strong></span> <span class='ocrx_word' id='word_1_293' title='bbox 992 2021 1147 2083; x_wconf 89' lang='lat' dir='ltr'><strong>illius</strong></span> <span class='ocrx_word' id='word_1_294' title='bbox 1177 2022 1421 2099; x_wconf 88' lang='lat' dir='ltr'><strong>Filium,</strong></span> <span class='ocrx_word' id='word_1_295' title='bbox 1455 2022 1684 2099; x_wconf 90' lang='lat' dir='ltr'><strong>videre,</strong></span> <span class='ocrx_word' id='word_1_296' title='bbox 1708 2023 1819 2085; x_wconf 89' lang='lat' dir='ltr'><strong>hoc</strong></span> <span class='ocrx_word' id='word_1_297' title='bbox 1863 2033 1974 2099; x_wconf 92' lang='lat' dir='ltr'><strong>est,</strong></span> <span class='ocrx_word' id='word_1_298' title='bbox 2008 2025 2096 2086; x_wconf 90' lang='lat' dir='ltr'><strong>in-</strong></span> 
     </span>
    </p>
   </div>
   <div class='ocr_carea' id='block_1_40' title="bbox 2181 2026 3851 2106">
    <p class='ocr_par' dir='ltr' id='par_1_40' title="bbox 2181 2026 3851 2106">
     <span class='ocr_line' id='line_1_40' title="bbox 2181 2026 3851 2106; baseline 0.001 -24"><span class='ocrx_word' id='word_1_299' title='bbox 2181 2048 2330 2094; x_wconf 90' lang='grc' dir='ltr'>νησις</span> <span class='ocrx_word' id='word_1_300' title='bbox 2389 2029 2662 2105; x_wconf 74' lang='grc' dir='ltr'>φωτισμὸν</span> <span class='ocrx_word' id='word_1_301' title='bbox 2710 2026 3002 2101; x_wconf 75' lang='grc' dir='ltr'>ἐμποιοῦσα</span> <span class='ocrx_word' id='word_1_302' title='bbox 3053 2030 3121 2103; x_wconf 73' lang='grc' dir='ltr'>τῇ</span> <span class='ocrx_word' id='word_1_303' title='bbox 3165 2028 3342 2106; x_wconf 71' lang='grc' dir='ltr'>ψυχῇ,</span> <span class='ocrx_word' id='word_1_304' title='bbox 3404 2027 3503 2095; x_wconf 76' lang='grc' dir='ltr'>τὴν</span> <span class='ocrx_word' id='word_1_305' title='bbox 3557 2034 3648 2083; x_wconf 88' lang='grc' dir='ltr'><strong>τοῦ</strong></span> <span class='ocrx_word' id='word_1_306' title='bbox 3705 2034 3851 2084; x_wconf 78' lang='grc' dir='ltr'>Θεοῦ</span> 
     </span>
    </p>
   </div>
   <div class='ocr_carea' id='block_1_41' title="bbox 447 2111 2108 2194">
    <p class='ocr_par' dir='ltr' id='par_1_41' title="bbox 447 2111 2095 2192">
     <span class='ocr_line' id='line_1_41' title="bbox 447 2111 2095 2192; baseline 0 -16"><span class='ocrx_word' id='word_1_307' title='bbox 447 2112 723 2191; x_wconf 87' lang='lat' dir='ltr'><strong>telligere</strong></span> <span class='ocrx_word' id='word_1_308' title='bbox 754 2111 1033 2173; x_wconf 89' lang='lat' dir='ltr'><strong>dat.Nam</strong></span> <span class='ocrx_word' id='word_1_309' title='bbox 1057 2111 1211 2173; x_wconf 88' lang='lat' dir='ltr'><strong>sicut</strong></span> <span class='ocrx_word' id='word_1_310' title='bbox 1232 2111 1341 2173; x_wconf 93' lang='lat' dir='ltr'><strong>Dei</strong></span> <span class='ocrx_word' id='word_1_311' title='bbox 1360 2111 1655 2192; x_wconf 88' lang='lat' dir='ltr'><strong>sapientia</strong></span> <span class='ocrx_word' id='word_1_312' title='bbox 1677 2111 1863 2175; x_wconf 89' lang='lat' dir='ltr'><strong>Filius</strong></span> <span class='ocrx_word' id='word_1_313' title='bbox 1894 2114 2095 2189; x_wconf 85' lang='lat' dir='ltr'><strong>est,ita</strong></span> 
     </span>
    </p>
   </div>
   <div class='ocr_carea' id='block_1_42' title="bbox 2194 2111 3846 2194">
    <p class='ocr_par' dir='ltr' id='par_1_42' title="bbox 2194 2114 3846 2194">
     <span class='ocr_line' id='line_1_42' title="bbox 2194 2114 3846 2194; baseline -0.002 -21"><span class='ocrx_word' id='word_1_314' title='bbox 2194 2114 2469 2190; x_wconf 68' lang='grc' dir='ltr'>Ξασιλείαν,</span> <span class='ocrx_word' id='word_1_315' title='bbox 2533 2115 2651 2183; x_wconf 71' lang='grc' dir='ltr'>ἤτοι</span> <span class='ocrx_word' id='word_1_316' title='bbox 2708 2118 2797 2172; x_wconf 84' lang='grc' dir='ltr'>τὸν</span> <span class='ocrx_word' id='word_1_317' title='bbox 2856 2117 3120 2194; x_wconf 73' lang='grc' dir='ltr'>μονογενῆ</span> <span class='ocrx_word' id='word_1_318' title='bbox 3193 2119 3309 2172; x_wconf 79' lang='grc' dir='ltr'>Υἰὸν</span> <span class='ocrx_word' id='word_1_319' title='bbox 3384 2118 3539 2173; x_wconf 74' lang='grc' dir='ltr'>αὐτοῦ</span> <span class='ocrx_word' id='word_1_320' title='bbox 3595 2114 3846 2191; x_wconf 79' lang='grc' dir='ltr'>βλέπειν,</span> 
     </span>
    </p>
   </div>
   <div class='ocr_carea' id='block_1_43' title="bbox 447 2200 2095 2283">
    <p class='ocr_par' dir='ltr' id='par_1_43' title="bbox 447 2200 2095 2283">
     <span class='ocr_line' id='line_1_43' title="bbox 447 2200 2095 2283; baseline -0.002 -17"><span class='ocrx_word' id='word_1_321' title='bbox 447 2210 506 2266; x_wconf 82' lang='lat' dir='ltr'><strong>et</strong></span> <span class='ocrx_word' id='word_1_322' title='bbox 531 2219 778 2281; x_wconf 85' lang='lat' dir='ltr'><strong>regnum</strong></span> <span class='ocrx_word' id='word_1_323' title='bbox 806 2219 1044 2282; x_wconf 67' lang='lat' dir='ltr'><strong>quoque</strong></span> <span class='ocrx_word' id='word_1_324' title='bbox 1088 2202 1193 2265; x_wconf 91' lang='lat' dir='ltr'><strong>Dei</strong></span> <span class='ocrx_word' id='word_1_325' title='bbox 1224 2200 1464 2263; x_wconf 88' lang='lat' dir='ltr'><strong>dicitur.</strong></span> <span class='ocrx_word' id='word_1_326' title='bbox 1490 2201 1615 2263; x_wconf 91' lang='lat' dir='ltr'><strong>Hoc</strong></span> <span class='ocrx_word' id='word_1_327' title='bbox 1650 2220 1793 2264; x_wconf 91' lang='lat' dir='ltr'><strong>sane</strong></span> <span class='ocrx_word' id='word_1_328' title='bbox 1844 2220 2095 2283; x_wconf 86' lang='lat' dir='ltr'><strong>regnum</strong></span> 
     </span>
    </p>
   </div>
   <div class='ocr_carea' id='block_1_44' title="bbox 447 2289 2099 2373">
    <p class='ocr_par' dir='ltr' id='par_1_44' title="bbox 447 2289 2099 2373">
     <span class='ocr_line' id='line_1_44' title="bbox 447 2289 2099 2373; baseline 0 -21"><span class='ocrx_word' id='word_1_329' title='bbox 447 2308 625 2352; x_wconf 92' lang='lat' dir='ltr'><strong>nemo</strong></span> <span class='ocrx_word' id='word_1_330' title='bbox 667 2290 847 2362; x_wconf 81' lang='lat' dir='ltr'><strong>videt,</strong></span> <span class='ocrx_word' id='word_1_331' title='bbox 885 2290 999 2351; x_wconf 86' lang='lat' dir='ltr'><strong>hoc</strong></span> <span class='ocrx_word' id='word_1_332' title='bbox 1032 2298 1144 2370; x_wconf 88' lang='lat' dir='ltr'><strong>est,</strong></span> <span class='ocrx_word' id='word_1_333' title='bbox 1191 2289 1490 2370; x_wconf 83' lang='lat' dir='ltr'><strong>intelligit,</strong></span> <span class='ocrx_word' id='word_1_334' title='bbox 1526 2311 1560 2351; x_wconf 95' lang='lat' dir='ltr'><strong>o</strong></span> <span class='ocrx_word' id='word_1_335' title='bbox 1591 2290 1941 2373; x_wconf 90' lang='lat' dir='ltr'><strong>Nicodeme,</strong></span> <span class='ocrx_word' id='word_1_336' title='bbox 1986 2292 2099 2354; x_wconf 92' lang='lat' dir='ltr'><strong>nisi</strong></span> 
     </span>
    </p>
   </div>
   <div class='ocr_carea' id='block_1_45' title="bbox 450 2379 2098 2462">
    <p class='ocr_par' dir='ltr' id='par_1_45' title="bbox 450 2379 2098 2462">
     <span class='ocr_line' id='line_1_45' title="bbox 450 2379 2098 2462; baseline 0.001 -22"><span class='ocrx_word' id='word_1_337' title='bbox 450 2391 620 2441; x_wconf 91' lang='lat' dir='ltr'><strong>natus</strong></span> <span class='ocrx_word' id='word_1_338' title='bbox 648 2380 823 2442; x_wconf 84' lang='lat' dir='ltr'><strong>fuerit</strong></span> <span class='ocrx_word' id='word_1_339' title='bbox 863 2398 898 2440; x_wconf 91' lang='lat' dir='ltr'><strong>a</strong></span> <span class='ocrx_word' id='word_1_340' title='bbox 934 2380 1058 2441; x_wconf 91' lang='lat' dir='ltr'><strong>Deo</strong></span> <span class='ocrx_word' id='word_1_341' title='bbox 1103 2397 1116 2441; x_wconf 93' lang='lat'>:</span> <span class='ocrx_word' id='word_1_342' title='bbox 1153 2387 1330 2459; x_wconf 89' lang='lat' dir='ltr'><strong>atque</strong></span> <span class='ocrx_word' id='word_1_343' title='bbox 1370 2379 1451 2441; x_wconf 83' lang='lat' dir='ltr'><strong>ita</strong></span> <span class='ocrx_word' id='word_1_344' title='bbox 1485 2380 1661 2441; x_wconf 86' lang='lat' dir='ltr'><strong>etiam</strong></span> <span class='ocrx_word' id='word_1_345' title='bbox 1695 2389 1782 2453; x_wconf 93' lang='lat' dir='ltr'><strong>tu,</strong></span> <span class='ocrx_word' id='word_1_346' title='bbox 1816 2382 2098 2462; x_wconf 87' lang='lat' dir='ltr'><strong>quoniam</strong></span> 
     </span>
    </p>
   </div>
   <div class='ocr_carea' id='block_1_46' title="bbox 452 2467 2098 2549">
    <p class='ocr_par' dir='ltr' id='par_1_46' title="bbox 452 2467 2098 2549">
     <span class='ocr_line' id='line_1_46' title="bbox 452 2467 2098 2549; baseline 0.001 -19"><span class='ocrx_word' id='word_1_347' title='bbox 452 2469 715 2531; x_wconf 89' lang='lat' dir='ltr'><strong>nondum</strong></span> <span class='ocrx_word' id='word_1_348' title='bbox 748 2475 921 2528; x_wconf 90' lang='lat' dir='ltr'><strong>natus</strong></span> <span class='ocrx_word' id='word_1_349' title='bbox 944 2486 1008 2529; x_wconf 86' lang='lat' dir='ltr'><strong>es</strong></span> <span class='ocrx_word' id='word_1_350' title='bbox 1027 2467 1771 2549; x_wconf 87' lang='lat' dir='ltr'><strong>spiritualiter,propterea</strong></span> <span class='ocrx_word' id='word_1_351' title='bbox 1796 2488 1913 2530; x_wconf 92' lang='lat' dir='ltr'><strong>non</strong></span> <span class='ocrx_word' id='word_1_352' title='bbox 1931 2470 2098 2531; x_wconf 87' lang='lat' dir='ltr'><strong>vides</strong></span> 
     </span>
    </p>
   </div>
   <div class='ocr_carea' id='block_1_47' title="bbox 454 2554 2096 2640">
    <p class='ocr_par' dir='ltr' id='par_1_47' title="bbox 454 2554 2096 2640">
     <span class='ocr_line' id='line_1_47' title="bbox 454 2554 2096 2640; baseline -0.001 -21"><span class='ocrx_word' id='word_1_353' title='bbox 454 2576 548 2619; x_wconf 91' lang='lat' dir='ltr'><strong>me</strong></span> <span class='ocrx_word' id='word_1_354' title='bbox 578 2574 827 2637; x_wconf 87' lang='lat' dir='ltr'><strong>regnum</strong></span> <span class='ocrx_word' id='word_1_355' title='bbox 868 2554 995 2636; x_wconf 85' lang='lat' dir='ltr'><strong>Dei,</strong></span> <span class='ocrx_word' id='word_1_356' title='bbox 1030 2556 1183 2617; x_wconf 86' lang='lat' dir='ltr'><strong>sicut</strong></span> <span class='ocrx_word' id='word_1_357' title='bbox 1210 2564 1463 2637; x_wconf 87' lang='lat' dir='ltr'><strong>oportet,</strong></span> <span class='ocrx_word' id='word_1_358' title='bbox 1494 2559 1596 2620; x_wconf 88' lang='lat' dir='ltr'><strong>sed</strong></span> <span class='ocrx_word' id='word_1_359' title='bbox 1645 2558 1931 2620; x_wconf 84' lang='lat' dir='ltr'><strong>humilem</strong></span> <span class='ocrx_word' id='word_1_360' title='bbox 1964 2561 2096 2640; x_wconf 82' lang='lat' dir='ltr'><strong>opi—</strong></span> 
     </span>
    </p>
   </div>
   <div class='ocr_carea' id='block_1_48' title="bbox 455 2644 1175 2710">
    <p class='ocr_par' dir='ltr' id='par_1_48' title="bbox 455 2644 1175 2710">
     <span class='ocr_line' id='line_1_48' title="bbox 455 2644 1175 2710; baseline 0.003 -2"><span class='ocrx_word' id='word_1_361' title='bbox 455 2647 697 2708; x_wconf 88' lang='lat' dir='ltr'><strong>nionem</strong></span> <span class='ocrx_word' id='word_1_362' title='bbox 734 2646 809 2708; x_wconf 92' lang='lat' dir='ltr'><strong>de</strong></span> <span class='ocrx_word' id='word_1_363' title='bbox 842 2664 938 2708; x_wconf 90' lang='lat' dir='ltr'><strong>me</strong></span> <span class='ocrx_word' id='word_1_364' title='bbox 968 2644 1175 2710; x_wconf 86' lang='lat' dir='ltr'><strong>habes.</strong></span> 
     </span>
    </p>
   </div>
   <div class='ocr_carea' id='block_1_49' title="bbox 529 2913 2093 2993">
    <p class='ocr_par' dir='ltr' id='par_1_49' title="bbox 529 2913 2093 2993">
     <span class='ocr_line' id='line_1_49' title="bbox 529 2913 2093 2993; baseline 0.001 -13"><span class='ocrx_word' id='word_1_365' title='bbox 529 2913 845 2988; x_wconf 76' lang='lat' dir='ltr'><strong>Vens.4,5.</strong></span> <span class='ocrx_word' id='word_1_366' title='bbox 872 2914 1059 2979; x_wconf 68' lang='lat' dir='ltr'><strong>«Dicit</strong></span> <span class='ocrx_word' id='word_1_367' title='bbox 1090 2915 1165 2977; x_wconf 88' lang='lat' dir='ltr'><strong>ad</strong></span> <span class='ocrx_word' id='word_1_368' title='bbox 1186 2933 1323 2978; x_wconf 90' lang='lat' dir='ltr'><strong>eum</strong></span> <span class='ocrx_word' id='word_1_369' title='bbox 1350 2916 1747 2981; x_wconf 90' lang='lat' dir='ltr'><strong>Nicodemus:</strong></span> <span class='ocrx_word' id='word_1_370' title='bbox 1782 2918 2093 2993; x_wconf 89' lang='lat' dir='ltr'><strong>Quomodo</strong></span> 
     </span>
    </p>
   </div>
   <div class='ocr_carea' id='block_1_50' title="bbox 452 3004 2097 3090">
    <p class='ocr_par' dir='ltr' id='par_1_50' title="bbox 452 3004 2097 3090">
     <span class='ocr_line' id='line_1_50' title="bbox 452 3004 2097 3090; baseline 0.001 -23"><span class='ocrx_word' id='word_1_371' title='bbox 452 3012 645 3087; x_wconf 88' lang='lat' dir='ltr'><strong>potest</strong></span> <span class='ocrx_word' id='word_1_372' title='bbox 674 3005 853 3067; x_wconf 89' lang='lat' dir='ltr'><strong>homo</strong></span> <span class='ocrx_word' id='word_1_373' title='bbox 874 3004 1064 3079; x_wconf 85' lang='lat' dir='ltr'><strong>nasci,</strong></span> <span class='ocrx_word' id='word_1_374' title='bbox 1097 3023 1233 3068; x_wconf 86' lang='lat' dir='ltr'><strong>cum</strong></span> <span class='ocrx_word' id='word_1_375' title='bbox 1266 3005 1346 3069; x_wconf 93' lang='lat' dir='ltr'><strong>sit</strong></span> <span class='ocrx_word' id='word_1_376' title='bbox 1375 3006 1588 3069; x_wconf 78' lang='lat' dir='ltr'><strong>senex?</strong></span> <span class='ocrx_word' id='word_1_377' title='bbox 1626 3009 1782 3072; x_wconf 91' lang='lat' dir='ltr'><strong>Num</strong></span> <span class='ocrx_word' id='word_1_378' title='bbox 1815 3017 2006 3090; x_wconf 90' lang='lat' dir='ltr'><strong>potest</strong></span> <span class='ocrx_word' id='word_1_379' title='bbox 2035 3009 2097 3070; x_wconf 92' lang='lat' dir='ltr'><strong>in</strong></span> 
     </span>
    </p>
   </div>
   <div class='ocr_carea' id='block_1_51' title="bbox 447 3092 2159 3172">
    <p class='ocr_par' dir='ltr' id='par_1_51' title="bbox 447 3092 2159 3172">
     <span class='ocr_line' id='line_1_51' title="bbox 447 3092 2159 3172; baseline 0.003 -19"><span class='ocrx_word' id='word_1_380' title='bbox 447 3101 710 3155; x_wconf 80' lang='lat' dir='ltr'><strong>ventrem</strong></span> <span class='ocrx_word' id='word_1_381' title='bbox 764 3094 968 3155; x_wconf 89' lang='lat' dir='ltr'><strong>matris</strong></span> <span class='ocrx_word' id='word_1_382' title='bbox 1006 3112 1128 3156; x_wconf 74' lang='lat' dir='ltr'><strong>suae</strong></span> <span class='ocrx_word' id='word_1_383' title='bbox 1178 3094 1393 3157; x_wconf 91' lang='lat' dir='ltr'><strong>iterum</strong></span> <span class='ocrx_word' id='word_1_384' title='bbox 1426 3096 1698 3172; x_wconf 90' lang='lat' dir='ltr'><strong>introire,</strong></span> <span class='ocrx_word' id='word_1_385' title='bbox 1728 3118 1797 3160; x_wconf 83' lang='lat' dir='ltr'><strong>ac</strong></span> <span class='ocrx_word' id='word_1_386' title='bbox 1836 3092 2159 3162; x_wconf 78' lang='lat' dir='ltr'><strong>renasci?C</strong></span> 
     </span>
    </p>
   </div>
   <div class='ocr_carea' id='block_1_52' title="bbox 450 3181 2106 3267">
    <p class='ocr_par' dir='ltr' id='par_1_52' title="bbox 450 3181 2106 3267">
     <span class='ocr_line' id='line_1_52' title="bbox 450 3181 2106 3267; baseline 0.002 -22"><span class='ocrx_word' id='word_1_387' title='bbox 450 3181 779 3263; x_wconf 78' lang='lat' dir='ltr'><strong>Respondit</strong></span> <span class='ocrx_word' id='word_1_388' title='bbox 806 3185 980 3245; x_wconf 88' lang='lat' dir='ltr'><strong>Jesus</strong></span> <span class='ocrx_word' id='word_1_389' title='bbox 1016 3202 1029 3246; x_wconf 91' lang='lat'>:</span> <span class='ocrx_word' id='word_1_390' title='bbox 1058 3184 1277 3258; x_wconf 89' lang='lat' dir='ltr'><strong>Amen,</strong></span> <span class='ocrx_word' id='word_1_391' title='bbox 1301 3202 1477 3247; x_wconf 90' lang='lat' dir='ltr'><strong>amen</strong></span> <span class='ocrx_word' id='word_1_392' title='bbox 1512 3185 1647 3248; x_wconf 87' lang='lat' dir='ltr'><strong>dico</strong></span> <span class='ocrx_word' id='word_1_393' title='bbox 1675 3186 1805 3263; x_wconf 89' lang='lat' dir='ltr'><strong>tibi,</strong></span> <span class='ocrx_word' id='word_1_394' title='bbox 1830 3187 1947 3249; x_wconf 92' lang='lat' dir='ltr'><strong>nisi</strong></span> <span class='ocrx_word' id='word_1_395' title='bbox 1972 3188 2106 3267; x_wconf 94' lang='lat' dir='ltr'><strong>quis</strong></span> 
     </span>
    </p>
   </div>
   <div class='ocr_carea' id='block_1_53' title="bbox 452 3272 2107 3357">
    <p class='ocr_par' dir='ltr' id='par_1_53' title="bbox 452 3272 2107 3357">
     <span class='ocr_line' id='line_1_53' title="bbox 452 3272 2107 3357; baseline 0.003 -25"><span class='ocrx_word' id='word_1_396' title='bbox 452 3280 691 3334; x_wconf 90' lang='lat' dir='ltr'><strong>renatus</strong></span> <span class='ocrx_word' id='word_1_397' title='bbox 717 3272 895 3334; x_wconf 82' lang='lat' dir='ltr'><strong>fuerit</strong></span> <span class='ocrx_word' id='word_1_398' title='bbox 916 3290 986 3334; x_wconf 82' lang='lat' dir='ltr'><strong>ex</strong></span> <span class='ocrx_word' id='word_1_399' title='bbox 1011 3290 1165 3353; x_wconf 83' lang='lat' dir='ltr'><strong>aqua</strong></span> <span class='ocrx_word' id='word_1_400' title='bbox 1178 3281 1231 3334; x_wconf 85' lang='lat' dir='ltr'><strong>et</strong></span> <span class='ocrx_word' id='word_1_401' title='bbox 1257 3272 1633 3355; x_wconf 88' lang='lat' dir='ltr'><strong>Spiritu,non</strong></span> <span class='ocrx_word' id='word_1_402' title='bbox 1665 3284 1857 3357; x_wconf 88' lang='lat' dir='ltr'><strong>potest</strong></span> <span class='ocrx_word' id='word_1_403' title='bbox 1881 3276 2107 3339; x_wconf 86' lang='lat' dir='ltr'><strong>intrare</strong></span> 
     </span>
    </p>
   </div>
   <div class='ocr_carea' id='block_1_54' title="bbox 449 3361 2103 3441">
    <p class='ocr_par' dir='ltr' id='par_1_54' title="bbox 449 3361 2103 3441">
     <span class='ocr_line' id='line_1_54' title="bbox 449 3361 2103 3441; baseline 0.002 -19"><span class='ocrx_word' id='word_1_404' title='bbox 449 3361 512 3423; x_wconf 88' lang='lat' dir='ltr'><strong>in</strong></span> <span class='ocrx_word' id='word_1_405' title='bbox 544 3379 791 3441; x_wconf 88' lang='lat' dir='ltr'><strong>regnum</strong></span> <span class='ocrx_word' id='word_1_406' title='bbox 818 3361 946 3423; x_wconf 90' lang='lat' dir='ltr'><strong>Dei.</strong></span> <span class='ocrx_word' id='word_1_407' title='bbox 976 3386 1011 3417; x_wconf 79' lang='grc' dir='ltr'>-η</span> <span class='ocrx_word' id='word_1_408' title='bbox 1051 3362 1317 3424; x_wconf 85' lang='lat' dir='ltr'><strong>Audiens</strong></span> <span class='ocrx_word' id='word_1_409' title='bbox 1361 3361 1723 3426; x_wconf 90' lang='lat' dir='ltr'><strong>Nicodemus</strong></span> <span class='ocrx_word' id='word_1_410' title='bbox 1770 3365 2103 3428; x_wconf 88' lang='lat' dir='ltr'><strong>doctrinam</strong></span> 
     </span>
    </p>
   </div>
   <div class='ocr_carea' id='block_1_55' title="bbox 454 3451 2105 3533">
    <p class='ocr_par' dir='ltr' id='par_1_55' title="bbox 454 3451 2105 3533">
     <span class='ocr_line' id='line_1_55' title="bbox 454 3451 2105 3533; baseline 0.002 -22"><span class='ocrx_word' id='word_1_411' title='bbox 454 3451 586 3531; x_wconf 83' lang='lat' dir='ltr'><strong>plus</strong></span> <span class='ocrx_word' id='word_1_412' title='bbox 606 3469 780 3531; x_wconf 87' lang='lat' dir='ltr'><strong>quam</strong></span> <span class='ocrx_word' id='word_1_413' title='bbox 810 3451 1544 3532; x_wconf 89' lang='lat' dir='ltr'><strong>humanam,stupescit,et</strong></span> <span class='ocrx_word' id='word_1_414' title='bbox 1566 3472 1770 3533; x_wconf 88' lang='lat' dir='ltr'><strong>passus</strong></span> <span class='ocrx_word' id='word_1_415' title='bbox 1782 3455 2105 3516; x_wconf 88' lang='lat' dir='ltr'><strong>humanum</strong></span> 
     </span>
    </p>
   </div>
   <div class='ocr_carea' id='block_1_56' title="bbox 453 3539 2107 3623">
    <p class='ocr_par' dir='ltr' id='par_1_56' title="bbox 453 3539 2107 3623">
     <span class='ocr_line' id='line_1_56' title="bbox 453 3539 2107 3623; baseline 0.001 -22"><span class='ocrx_word' id='word_1_416' title='bbox 453 3540 733 3621; x_wconf 89' lang='lat' dir='ltr'><strong>quiddam</strong></span> <span class='ocrx_word' id='word_1_417' title='bbox 764 3539 1106 3617; x_wconf 82' lang='lat' dir='ltr'><strong>interrogat,</strong></span> <span class='ocrx_word' id='word_1_418' title='bbox 1132 3542 1448 3614; x_wconf 82' lang='lat' dir='ltr'><strong>Quomodo</strong></span> <span class='ocrx_word' id='word_1_419' title='bbox 1477 3543 1699 3621; x_wconf 84' lang='lat' dir='ltr'><strong>potest?</strong></span> <span class='ocrx_word' id='word_1_420' title='bbox 1724 3544 1788 3606; x_wconf 94' lang='lat' dir='ltr'><strong>Id</strong></span> <span class='ocrx_word' id='word_1_421' title='bbox 1822 3544 1980 3623; x_wconf 90' lang='lat' dir='ltr'><strong>quod</strong></span> <span class='ocrx_word' id='word_1_422' title='bbox 2014 3544 2107 3604; x_wconf 89' lang='lat' dir='ltr'><strong>in-</strong></span> 
     </span>
    </p>
   </div>
   <div class='ocr_carea' id='block_1_57' title="bbox 454 3628 2104 3709">
    <p class='ocr_par' dir='ltr' id='par_1_57' title="bbox 454 3628 2104 3709">
     <span class='ocr_line' id='line_1_57' title="bbox 454 3628 2104 3709; baseline -0.001 -17"><span class='ocrx_word' id='word_1_423' title='bbox 454 3629 819 3692; x_wconf 85' lang='lat' dir='ltr'><strong>credulitatis</strong></span> <span class='ocrx_word' id='word_1_424' title='bbox 848 3638 938 3691; x_wconf 89' lang='lat' dir='ltr'><strong>est</strong></span> <span class='ocrx_word' id='word_1_425' title='bbox 968 3628 1229 3709; x_wconf 89' lang='lat' dir='ltr'><strong>signum.</strong></span> <span class='ocrx_word' id='word_1_426' title='bbox 1267 3630 1381 3693; x_wconf 92' lang='lat' dir='ltr'><strong>Ubi</strong></span> <span class='ocrx_word' id='word_1_427' title='bbox 1410 3631 1567 3693; x_wconf 89' lang='lat' dir='ltr'><strong>enim</strong></span> <span class='ocrx_word' id='word_1_428' title='bbox 1619 3632 1769 3694; x_wconf 79' lang='lat' dir='ltr'><strong>fides</strong></span> <span class='ocrx_word' id='word_1_429' title='bbox 1815 3652 1933 3694; x_wconf 92' lang='lat' dir='ltr'><strong>non</strong></span> <span class='ocrx_word' id='word_1_430' title='bbox 1992 3643 2104 3705; x_wconf 92' lang='lat' dir='ltr'><strong>est,</strong></span> 
     </span>
    </p>
   </div>
   <div class='ocr_carea' id='block_1_58' title="bbox 454 3717 2110 3798">
    <p class='ocr_par' dir='ltr' id='par_1_58' title="bbox 454 3717 2110 3798">
     <span class='ocr_line' id='line_1_58' title="bbox 454 3717 2110 3798; baseline 0.001 -18"><span class='ocrx_word' id='word_1_431' title='bbox 454 3717 596 3780; x_wconf 72' lang='lat'><strong>540</strong></span> <span class='ocrx_word' id='word_1_432' title='bbox 616 3717 736 3779; x_wconf 87' lang='lat' dir='ltr'><strong>illic</strong></span> <span class='ocrx_word' id='word_1_433' title='bbox 766 3717 1074 3797; x_wconf 67' lang='lat' dir='ltr'><strong>quaeritur,</strong></span> <span class='ocrx_word' id='word_1_434' title='bbox 1108 3717 1416 3790; x_wconf 87' lang='lat' dir='ltr'><strong>Quomodo</strong></span> <span class='ocrx_word' id='word_1_435' title='bbox 1448 3718 1595 3782; x_wconf 87' lang='lat' dir='ltr'><strong>hoc?</strong></span> <span class='ocrx_word' id='word_1_436' title='bbox 1625 3730 1705 3798; x_wconf 84' lang='lat' dir='ltr'><strong>et,</strong></span> <span class='ocrx_word' id='word_1_437' title='bbox 1740 3723 1935 3794; x_wconf 87' lang='lat' dir='ltr'><strong>Quare</strong></span> <span class='ocrx_word' id='word_1_438' title='bbox 1965 3720 2110 3783; x_wconf 89' lang='lat' dir='ltr'><strong>hoc?</strong></span> 
     </span>
    </p>
   </div>
   <div class='ocr_carea' id='block_1_59' title="bbox 458 3805 2111 3890">
    <p class='ocr_par' dir='ltr' id='par_1_59' title="bbox 458 3805 2111 3890">
     <span class='ocr_line' id='line_1_59' title="bbox 458 3805 2111 3890; baseline 0.001 -21"><span class='ocrx_word' id='word_1_439' title='bbox 458 3807 777 3886; x_wconf 87' lang='lat' dir='ltr'><strong>Propterea</strong></span> <span class='ocrx_word' id='word_1_440' title='bbox 790 3805 1040 3867; x_wconf 89' lang='lat' dir='ltr'><strong>ridicula</strong></span> <span class='ocrx_word' id='word_1_441' title='bbox 1061 3805 1246 3868; x_wconf 90' lang='lat' dir='ltr'><strong>Nicod</strong></span> <span class='ocrx_word' id='word_1_442' title='bbox 1257 3807 1374 3868; x_wconf 92' lang='lat' dir='ltr'><strong>emi</strong></span> <span class='ocrx_word' id='word_1_443' title='bbox 1394 3806 1575 3870; x_wconf 89' lang='lat' dir='ltr'><strong>verba</strong></span> <span class='ocrx_word' id='word_1_444' title='bbox 1590 3808 1955 3888; x_wconf 89' lang='lat' dir='ltr'><strong>apparent,N</strong></span> <span class='ocrx_word' id='word_1_445' title='bbox 1963 3826 2111 3890; x_wconf 90' lang='lat' dir='ltr'><strong>eque</strong></span> 
     </span>
    </p>
   </div>
   <div class='ocr_carea' id='block_1_60' title="bbox 461 3894 2115 3978">
    <p class='ocr_par' dir='ltr' id='par_1_60' title="bbox 461 3894 2115 3978">
     <span class='ocr_line' id='line_1_60' title="bbox 461 3894 2115 3978; baseline 0.001 -20"><span class='ocrx_word' id='word_1_446' title='bbox 461 3896 619 3958; x_wconf 87' lang='lat' dir='ltr'><strong>enim</strong></span> <span class='ocrx_word' id='word_1_447' title='bbox 648 3894 940 3957; x_wconf 80' lang='lat' dir='ltr'><strong>intellexit</strong></span> <span class='ocrx_word' id='word_1_448' title='bbox 977 3895 1349 3978; x_wconf 82' lang='lat' dir='ltr'><strong>Spiritualem</strong></span> <span class='ocrx_word' id='word_1_449' title='bbox 1401 3897 1792 3975; x_wconf 86' lang='lat' dir='ltr'><strong>nativitatem,</strong></span> <span class='ocrx_word' id='word_1_450' title='bbox 1820 3898 1924 3960; x_wconf 92' lang='lat' dir='ltr'><strong>sed</strong></span> <span class='ocrx_word' id='word_1_451' title='bbox 1951 3917 2115 3961; x_wconf 91' lang='lat' dir='ltr'><strong>men-</strong></span> 
     </span>
    </p>
   </div>
   <div class='ocr_carea' id='block_1_61' title="bbox 458 3984 2111 4070">
    <p class='ocr_par' dir='ltr' id='par_1_61' title="bbox 458 3984 2111 4070">
     <span class='ocr_line' id='line_1_61' title="bbox 458 3984 2111 4070; baseline 0.002 -25"><span class='ocrx_word' id='word_1_452' title='bbox 458 3985 684 4059; x_wconf 80' lang='lat' dir='ltr'><strong>tionem</strong></span> <span class='ocrx_word' id='word_1_453' title='bbox 743 3984 1068 4060; x_wconf 87' lang='lat' dir='ltr'><strong>corporalis</strong></span> <span class='ocrx_word' id='word_1_454' title='bbox 1110 3985 1334 4047; x_wconf 89' lang='lat' dir='ltr'><strong>ventris</strong></span> <span class='ocrx_word' id='word_1_455' title='bbox 1391 3985 1549 4049; x_wconf 81' lang='lat' dir='ltr'><strong>facit.</strong></span> <span class='ocrx_word' id='word_1_456' title='bbox 1587 3990 1904 4070; x_wconf 88' lang='lat' dir='ltr'><strong>Postquam</strong></span> <span class='ocrx_word' id='word_1_457' title='bbox 1952 3988 2111 4050; x_wconf 92' lang='lat' dir='ltr'><strong>enim</strong></span> 
     </span>
    </p>
   </div>
   <div class='ocr_carea' id='block_1_62' title="bbox 459 4071 2115 4160">
    <p class='ocr_par' dir='ltr' id='par_1_62' title="bbox 459 4071 2115 4160">
     <span class='ocr_line' id='line_1_62' title="bbox 459 4071 2115 4160; baseline 0 -23"><span class='ocrx_word' id='word_1_458' title='bbox 459 4072 702 4149; x_wconf 85' lang='lat' dir='ltr'><strong>audivit,</strong></span> <span class='ocrx_word' id='word_1_459' title='bbox 762 4095 785 4129; x_wconf 77' lang='grc' dir='ltr'><strong>α</strong></span> <span class='ocrx_word' id='word_1_460' title='bbox 815 4071 937 4135; x_wconf 89' lang='lat' dir='ltr'><strong>Nisi</strong></span> <span class='ocrx_word' id='word_1_461' title='bbox 991 4075 1121 4156; x_wconf 90' lang='lat' dir='ltr'><strong>quis</strong></span> <span class='ocrx_word' id='word_1_462' title='bbox 1172 4075 1392 4152; x_wconf 77' lang='grc' dir='ltr'>ἄνωθεν,</span> <span class='ocrx_word' id='word_1_463' title='bbox 1431 4100 1459 4133; x_wconf 75' lang='grc' dir='ltr'><em>ι</em></span> <span class='ocrx_word' id='word_1_464' title='bbox 1525 4094 1557 4138; x_wconf 87' lang='lat' dir='ltr'><strong>e</strong></span> <span class='ocrx_word' id='word_1_465' title='bbox 1608 4078 1907 4160; x_wconf 80' lang='lat' dir='ltr'><strong>supernis,</strong></span> <span class='ocrx_word' id='word_1_466' title='bbox 1939 4077 2115 4140; x_wconf 84' lang='lat' dir='ltr'><strong>fuerit</strong></span> 
     </span>
    </p>
   </div>
   <div class='ocr_carea' id='block_1_63' title="bbox 460 4161 2108 4250">
    <p class='ocr_par' dir='ltr' id='par_1_63' title="bbox 460 4161 2108 4250">
     <span class='ocr_line' id='line_1_63' title="bbox 460 4161 2108 4250; baseline 0.001 -25"><span class='ocrx_word' id='word_1_467' title='bbox 460 4170 653 4238; x_wconf 90' lang='lat' dir='ltr'><strong>natus,</strong></span> <span class='ocrx_word' id='word_1_468' title='bbox 709 4161 1080 4225; x_wconf 85' lang='lat' dir='ltr'><strong>existimatur</strong></span> <span class='ocrx_word' id='word_1_469' title='bbox 1136 4164 1328 4221; x_wconf 76' lang='grc' dir='ltr'>ἄνωθεν</span> <span class='ocrx_word' id='word_1_470' title='bbox 1388 4164 1461 4228; x_wconf 90' lang='lat' dir='ltr'><strong>ab</strong></span> <span class='ocrx_word' id='word_1_471' title='bbox 1512 4165 1706 4250; x_wconf 78' lang='lat' dir='ltr'><strong>initio,</strong></span> <span class='ocrx_word' id='word_1_472' title='bbox 1767 4176 1827 4229; x_wconf 92' lang='lat' dir='ltr'><strong>et</strong></span> <span class='ocrx_word' id='word_1_473' title='bbox 1884 4169 2108 4240; x_wconf 92' lang='lat' dir='ltr'><strong>denuo,</strong></span> 
     </span>
    </p>
   </div>
   <div class='ocr_carea' id='block_1_64' title="bbox 461 4251 2115 4336">
    <p class='ocr_par' dir='ltr' id='par_1_64' title="bbox 461 4251 2115 4336">
     <span class='ocr_line' id='line_1_64' title="bbox 461 4251 2115 4336; baseline 0.001 -21"><span class='ocrx_word' id='word_1_474' title='bbox 461 4260 637 4334; x_wconf 91' lang='lat' dir='ltr'><strong>atque</strong></span> <span class='ocrx_word' id='word_1_475' title='bbox 685 4251 799 4314; x_wconf 90' lang='lat' dir='ltr'><strong>tale</strong></span> <span class='ocrx_word' id='word_1_476' title='bbox 853 4252 1157 4334; x_wconf 88' lang='lat' dir='ltr'><strong>quippiam</strong></span> <span class='ocrx_word' id='word_1_477' title='bbox 1205 4253 1321 4317; x_wconf 92' lang='lat' dir='ltr'><strong>dici</strong></span> <span class='ocrx_word' id='word_1_478' title='bbox 1358 4253 1525 4317; x_wconf 90' lang='lat' dir='ltr'><strong>:Nisi</strong></span> <span class='ocrx_word' id='word_1_479' title='bbox 1556 4256 1689 4336; x_wconf 91' lang='lat' dir='ltr'><strong>quis</strong></span> <span class='ocrx_word' id='word_1_480' title='bbox 1746 4257 1818 4319; x_wconf 91' lang='lat' dir='ltr'><strong>ab</strong></span> <span class='ocrx_word' id='word_1_481' title='bbox 1857 4257 2027 4319; x_wconf 87' lang='lat' dir='ltr'><strong>initio</strong></span> <span class='ocrx_word' id='word_1_482' title='bbox 2058 4266 2115 4318; x_wconf 93' lang='lat' dir='ltr'><strong>et</strong></span> 
     </span>
    </p>
   </div>
   <div class='ocr_carea' id='block_1_65' title="bbox 463 4341 2112 4427">
    <p class='ocr_par' dir='ltr' id='par_1_65' title="bbox 463 4341 2112 4427">
     <span class='ocr_line' id='line_1_65' title="bbox 463 4341 2112 4427; baseline 0.004 -24"><span class='ocrx_word' id='word_1_483' title='bbox 463 4341 659 4404; x_wconf 88' lang='lat' dir='ltr'><strong>denuo</strong></span> <span class='ocrx_word' id='word_1_484' title='bbox 690 4350 965 4404; x_wconf 89' lang='lat' dir='ltr'><strong>nascatur</strong></span> <span class='ocrx_word' id='word_1_485' title='bbox 991 4361 1005 4402; x_wconf 91' lang='lat'>:</span> <span class='ocrx_word' id='word_1_486' title='bbox 1031 4351 1092 4405; x_wconf 88' lang='lat' dir='ltr'><strong>et</strong></span> <span class='ocrx_word' id='word_1_487' title='bbox 1111 4354 1429 4424; x_wconf 85' lang='lat' dir='ltr'><strong>propterea</strong></span> <span class='ocrx_word' id='word_1_488' title='bbox 1455 4344 1633 4407; x_wconf 88' lang='lat' dir='ltr'><strong>dicit:</strong></span> <span class='ocrx_word' id='word_1_489' title='bbox 1668 4344 1976 4418; x_wconf 90' lang='lat' dir='ltr'><strong>Quomodo</strong></span> <span class='ocrx_word' id='word_1_490' title='bbox 2002 4364 2112 4427; x_wconf 92' lang='lat' dir='ltr'><strong>po-</strong></span> 
     </span>
    </p>
   </div>
   <div class='ocr_carea' id='block_1_66' title="bbox 2182 2195 3851 2286">
    <p class='ocr_par' dir='ltr' id='par_1_66' title="bbox 2182 2195 3851 2286">
     <span class='ocr_line' id='line_1_66' title="bbox 2182 2195 3851 2286; baseline -0.002 -23"><span class='ocrx_word' id='word_1_491' title='bbox 2182 2207 2445 2275; x_wconf 85' lang='grc' dir='ltr'>τουτέστι,</span> <span class='ocrx_word' id='word_1_492' title='bbox 2500 2220 2670 2286; x_wconf 86' lang='grc' dir='ltr'>νοεῖν,</span> <span class='ocrx_word' id='word_1_493' title='bbox 2732 2203 2963 2268; x_wconf 85' lang='grc' dir='ltr'>δίδωσιν.</span> <span class='ocrx_word' id='word_1_494' title='bbox 3041 2195 3233 2283; x_wconf 74' lang='grc' dir='ltr'>Ὠσπερ</span> <span class='ocrx_word' id='word_1_495' title='bbox 3279 2208 3378 2285; x_wconf 79' lang='grc' dir='ltr'><strong>γὰρ</strong></span> <span class='ocrx_word' id='word_1_496' title='bbox 3439 2205 3571 2263; x_wconf 70' lang='grc' dir='ltr'>Θεοῦ</span> <span class='ocrx_word' id='word_1_497' title='bbox 3609 2207 3771 2282; x_wconf 69' lang='grc' dir='ltr'>σοφία</span> <span class='ocrx_word' id='word_1_498' title='bbox 3816 2207 3851 2259; x_wconf 78' lang='grc' dir='ltr'>ὁ</span> 
     </span>
    </p>
   </div>
   <div class='ocr_carea' id='block_1_67' title="bbox 2184 2292 3843 2375">
    <p class='ocr_par' dir='ltr' id='par_1_67' title="bbox 2184 2292 3843 2375">
     <span class='ocr_line' id='line_1_67' title="bbox 2184 2292 3843 2375; baseline 0.002 -24"><span class='ocrx_word' id='word_1_499' title='bbox 2184 2298 2328 2375; x_wconf 76' lang='grc' dir='ltr'>Υἱὸς,</span> <span class='ocrx_word' id='word_1_500' title='bbox 2389 2294 2527 2352; x_wconf 74' lang='grc' dir='ltr'>οὕτω</span> <span class='ocrx_word' id='word_1_501' title='bbox 2557 2294 2622 2363; x_wconf 80' lang='grc' dir='ltr'><strong>δὴ</strong></span> <span class='ocrx_word' id='word_1_502' title='bbox 2652 2299 2739 2353; x_wconf 84' lang='grc' dir='ltr'><strong>καὶ</strong></span> <span class='ocrx_word' id='word_1_503' title='bbox 2796 2294 3037 2372; x_wconf 85' lang='grc' dir='ltr'>βασιλεία</span> <span class='ocrx_word' id='word_1_504' title='bbox 3096 2295 3228 2352; x_wconf 77' lang='grc' dir='ltr'>Θεοῦ</span> <span class='ocrx_word' id='word_1_505' title='bbox 3272 2295 3426 2361; x_wconf 69' lang='grc' dir='ltr'>αὐτὸς</span> <span class='ocrx_word' id='word_1_506' title='bbox 3484 2294 3545 2351; x_wconf 77' lang='grc' dir='ltr'>ἂν</span> <span class='ocrx_word' id='word_1_507' title='bbox 3596 2292 3843 2372; x_wconf 78' lang='grc' dir='ltr'>λέγοιτο.</span> 
     </span>
    </p>
   </div>
   <div class='ocr_carea' id='block_1_68' title="bbox 2182 2382 3843 2463">
    <p class='ocr_par' dir='ltr' id='par_1_68' title="bbox 2182 2382 3843 2463">
     <span class='ocr_line' id='line_1_68' title="bbox 2182 2382 3843 2463; baseline -0.003 -20"><span class='ocrx_word' id='word_1_508' title='bbox 2182 2386 2389 2452; x_wconf 82' lang='grc' dir='ltr'>Ταύτην</span> <span class='ocrx_word' id='word_1_509' title='bbox 2444 2384 2499 2440; x_wconf 79' lang='grc' dir='ltr'>δὲ</span> <span class='ocrx_word' id='word_1_510' title='bbox 2560 2386 2658 2453; x_wconf 79' lang='grc' dir='ltr'><strong>τὴν</strong></span> <span class='ocrx_word' id='word_1_511' title='bbox 2701 2384 2971 2461; x_wconf 81' lang='grc' dir='ltr'>βασιλείαν</span> <span class='ocrx_word' id='word_1_512' title='bbox 3016 2388 3113 2444; x_wconf 69' lang='grc' dir='ltr'><strong>οὒκ</strong></span> <span class='ocrx_word' id='word_1_513' title='bbox 3143 2385 3204 2441; x_wconf 82' lang='grc' dir='ltr'>ἂν</span> <span class='ocrx_word' id='word_1_514' title='bbox 3251 2382 3353 2442; x_wconf 82' lang='grc' dir='ltr'>ἴδοι</span> <span class='ocrx_word' id='word_1_515' title='bbox 3400 2406 3504 2463; x_wconf 86' lang='grc' dir='ltr'>τις,</span> <span class='ocrx_word' id='word_1_516' title='bbox 3564 2406 3843 2457; x_wconf 83' lang='grc' dir='ltr'>τουτεστι,</span> 
     </span>
    </p>
   </div>
   <div class='ocr_carea' id='block_1_69' title="bbox 2183 2474 3845 2552">
    <p class='ocr_par' dir='ltr' id='par_1_69' title="bbox 2183 2474 3845 2552">
     <span class='ocr_line' id='line_1_69' title="bbox 2183 2474 3845 2552; baseline 0.002 -22"><span class='ocrx_word' id='word_1_517' title='bbox 2183 2476 2388 2549; x_wconf 72' lang='grc' dir='ltr'>νοήσοι,</span> <span class='ocrx_word' id='word_1_518' title='bbox 2440 2477 2484 2529; x_wconf 83' lang='grc' dir='ltr'>ὦ</span> <span class='ocrx_word' id='word_1_519' title='bbox 2543 2474 2836 2551; x_wconf 83' lang='grc' dir='ltr'>Νικόδημε,</span> <span class='ocrx_word' id='word_1_520' title='bbox 2893 2475 2936 2530; x_wconf 83' lang='grc' dir='ltr'>εἰ</span> <span class='ocrx_word' id='word_1_521' title='bbox 2987 2475 3067 2550; x_wconf 76' lang='grc' dir='ltr'>μὴ</span> <span class='ocrx_word' id='word_1_522' title='bbox 3123 2479 3352 2552; x_wconf 79' lang='grc' dir='ltr'>γεννηθῇ</span> <span class='ocrx_word' id='word_1_523' title='bbox 3419 2474 3480 2531; x_wconf 83' lang='grc' dir='ltr'><strong>ἐκ</strong></span> <span class='ocrx_word' id='word_1_524' title='bbox 3535 2480 3627 2530; x_wconf 86' lang='grc' dir='ltr'><strong>τοῦ</strong></span> <span class='ocrx_word' id='word_1_525' title='bbox 3681 2482 3845 2534; x_wconf 84' lang='grc' dir='ltr'>Θεοῦ.</span> 
     </span>
    </p>
   </div>
   <div class='ocr_carea' id='block_1_70' title="bbox 2186 2554 3845 2642">
    <p class='ocr_par' dir='ltr' id='par_1_70' title="bbox 2186 2554 3845 2642">
     <span class='ocr_line' id='line_1_70' title="bbox 2186 2554 3845 2642; baseline 0.001 -24"><span class='ocrx_word' id='word_1_526' title='bbox 2186 2554 2360 2621; x_wconf 63' lang='lat' dir='ltr'><strong>&quot;uate</strong></span> <span class='ocrx_word' id='word_1_527' title='bbox 2405 2566 2494 2622; x_wconf 89' lang='grc' dir='ltr'><strong>καὶ</strong></span> <span class='ocrx_word' id='word_1_528' title='bbox 2545 2567 2628 2637; x_wconf 79' lang='grc' dir='ltr'><strong>σὺ,</strong></span> <span class='ocrx_word' id='word_1_529' title='bbox 2690 2564 2803 2621; x_wconf 79' lang='grc' dir='ltr'>ἐπεὶ</span> <span class='ocrx_word' id='word_1_530' title='bbox 2865 2566 2959 2621; x_wconf 74' lang='grc' dir='ltr'><strong>οὐκ</strong></span> <span class='ocrx_word' id='word_1_531' title='bbox 3062 2562 3349 2642; x_wconf 78' lang='grc' dir='ltr'>ἐγεννήθης</span> <span class='ocrx_word' id='word_1_532' title='bbox 3408 2563 3555 2620; x_wconf 73' lang='grc' dir='ltr'>οῧπω</span> <span class='ocrx_word' id='word_1_533' title='bbox 3597 2586 3845 2639; x_wconf 87' lang='grc' dir='ltr'>πνευμα-</span> 
     </span>
    </p>
   </div>
   <div class='ocr_carea' id='block_1_71' title="bbox 2181 2651 3847 2735">
    <p class='ocr_par' dir='ltr' id='par_1_71' title="bbox 2181 2651 3847 2735">
     <span class='ocr_line' id='line_1_71' title="bbox 2181 2651 3847 2735; baseline -0.001 -25"><span class='ocrx_word' id='word_1_534' title='bbox 2181 2654 2367 2735; x_wconf 82' lang='grc' dir='ltr'>τικῶς,</span> <span class='ocrx_word' id='word_1_535' title='bbox 2429 2652 2513 2712; x_wconf 79' lang='grc' dir='ltr'><strong>διὰ</strong></span> <span class='ocrx_word' id='word_1_536' title='bbox 2555 2656 2710 2711; x_wconf 81' lang='grc' dir='ltr'>τοῦτο</span> <span class='ocrx_word' id='word_1_537' title='bbox 2770 2653 2829 2710; x_wconf 78' lang='grc' dir='ltr'><strong>οὐ</strong></span> <span class='ocrx_word' id='word_1_538' title='bbox 2885 2651 3100 2729; x_wconf 88' lang='grc' dir='ltr'>βλέπεις</span> <span class='ocrx_word' id='word_1_539' title='bbox 3154 2655 3277 2735; x_wconf 74' lang='grc' dir='ltr'>ἐμὲ,</span> <span class='ocrx_word' id='word_1_540' title='bbox 3306 2654 3407 2722; x_wconf 75' lang='grc' dir='ltr'>τὴν</span> <span class='ocrx_word' id='word_1_541' title='bbox 3435 2652 3700 2730; x_wconf 89' lang='grc' dir='ltr'>βασιλείαν</span> <span class='ocrx_word' id='word_1_542' title='bbox 3749 2661 3847 2710; x_wconf 67' lang='grc' dir='ltr'><strong>τοῦ</strong></span> 
     </span>
    </p>
   </div>
   <div class='ocr_carea' id='block_1_72' title="bbox 2184 2740 3840 2823">
    <p class='ocr_par' dir='ltr' id='par_1_72' title="bbox 2184 2740 3840 2823">
     <span class='ocr_line' id='line_1_72' title="bbox 2184 2740 3840 2823; baseline -0.001 -24"><span class='ocrx_word' id='word_1_543' title='bbox 2184 2743 2335 2823; x_wconf 79' lang='grc' dir='ltr'>Θεοῦ,</span> <span class='ocrx_word' id='word_1_544' title='bbox 2394 2744 2527 2803; x_wconf 78' lang='grc' dir='ltr'>καθὰ</span> <span class='ocrx_word' id='word_1_545' title='bbox 2590 2741 2694 2817; x_wconf 89' lang='grc' dir='ltr'>δεῖ,</span> <span class='ocrx_word' id='word_1_546' title='bbox 2769 2740 2905 2798; x_wconf 75' lang='grc' dir='ltr'>ἀλλὰ</span> <span class='ocrx_word' id='word_1_547' title='bbox 2962 2743 3217 2810; x_wconf 81' lang='grc' dir='ltr'>ταπεινὴν</span> <span class='ocrx_word' id='word_1_548' title='bbox 3288 2742 3438 2809; x_wconf 78' lang='grc' dir='ltr'>δόξαν</span> <span class='ocrx_word' id='word_1_549' title='bbox 3512 2742 3659 2822; x_wconf 73' lang='grc' dir='ltr'>ἔχεις</span> <span class='ocrx_word' id='word_1_550' title='bbox 3720 2744 3840 2819; x_wconf 78' lang='grc' dir='ltr'>περὶ</span> 
     </span>
    </p>
   </div>
   <div class='ocr_carea' id='block_1_73' title="bbox 2182 2822 2331 2899">
    <p class='ocr_par' dir='ltr' id='par_1_73' title="bbox 2182 2822 2331 2899">
     <span class='ocr_line' id='line_1_73' title="bbox 2182 2822 2331 2899; baseline 0.04 -21"><span class='ocrx_word' id='word_1_551' title='bbox 2182 2822 2331 2899; x_wconf 79' lang='grc' dir='ltr'><strong>ἐμοῦ.</strong></span> 
     </span>
    </p>
   </div>
   <div class='ocr_carea' id='block_1_74' title="bbox 2267 2909 3817 2990">
    <p class='ocr_par' dir='ltr' id='par_1_74' title="bbox 2267 2909 3817 2990">
     <span class='ocr_line' id='line_1_74' title="bbox 2267 2909 3817 2990; baseline -0.005 -24"><span class='ocrx_word' id='word_1_552' title='bbox 2267 2934 2294 2966; x_wconf 72' lang='grc' dir='ltr'><strong>α</strong></span> <span class='ocrx_word' id='word_1_553' title='bbox 2332 2911 2488 2990; x_wconf 84' lang='grc' dir='ltr'>Λέγει</span> <span class='ocrx_word' id='word_1_554' title='bbox 2549 2914 2676 2990; x_wconf 80' lang='grc' dir='ltr'>πρὸς</span> <span class='ocrx_word' id='word_1_555' title='bbox 2736 2912 2890 2969; x_wconf 72' lang='grc' dir='ltr'>αὐτὸν</span> <span class='ocrx_word' id='word_1_556' title='bbox 2941 2913 2968 2967; x_wconf 85' lang='lat'><strong>6</strong></span> <span class='ocrx_word' id='word_1_557' title='bbox 3026 2909 3352 2985; x_wconf 79' lang='grc' dir='ltr'>Νικόδημος,</span> <span class='ocrx_word' id='word_1_558' title='bbox 3441 2918 3562 2975; x_wconf 54' lang='lat' dir='ltr'><strong>ne;</strong></span> <span class='ocrx_word' id='word_1_559' title='bbox 3623 2909 3817 2966; x_wconf 65' lang='grc' dir='ltr'>δύναται</span> 
     </span>
    </p>
   </div>
   <div class='ocr_carea' id='block_1_75' title="bbox 2184 2998 3834 3080">
    <p class='ocr_par' dir='ltr' id='par_1_75' title="bbox 2184 2998 3834 3080">
     <span class='ocr_line' id='line_1_75' title="bbox 2184 2998 3834 3080; baseline -0.002 -25"><span class='ocrx_word' id='word_1_560' title='bbox 2184 2999 2454 3078; x_wconf 80' lang='grc' dir='ltr'>ἄνθρωπος</span> <span class='ocrx_word' id='word_1_561' title='bbox 2515 3004 2857 3080; x_wconf 78' lang='grc' dir='ltr'>γεννηθῆναι,</span> <span class='ocrx_word' id='word_1_562' title='bbox 2917 3000 3085 3079; x_wconf 88' lang='grc' dir='ltr'>γέρων</span> <span class='ocrx_word' id='word_1_563' title='bbox 3153 3000 3276 3080; x_wconf 80' lang='grc' dir='ltr'>ὤν;</span> <span class='ocrx_word' id='word_1_564' title='bbox 3332 3000 3420 3067; x_wconf 78' lang='grc' dir='ltr'><strong>Μὴ</strong></span> <span class='ocrx_word' id='word_1_565' title='bbox 3494 2998 3704 3055; x_wconf 87' lang='grc' dir='ltr'>δύναται</span> <span class='ocrx_word' id='word_1_566' title='bbox 3762 3000 3834 3061; x_wconf 74' lang='grc' dir='ltr'>εἰς</span> 
     </span>
    </p>
   </div>
   <div class='ocr_carea' id='block_1_76' title="bbox 2188 3088 3839 3167">
    <p class='ocr_par' dir='ltr' id='par_1_76' title="bbox 2188 3088 3839 3167">
     <span class='ocr_line' id='line_1_76' title="bbox 2188 3088 3839 3167; baseline -0.003 -20"><span class='ocrx_word' id='word_1_567' title='bbox 2188 3092 2285 3159; x_wconf 58' lang='grc' dir='ltr'>τὴν</span> <span class='ocrx_word' id='word_1_568' title='bbox 2342 3089 2546 3147; x_wconf 78' lang='grc' dir='ltr'>κοιλίαν</span> <span class='ocrx_word' id='word_1_569' title='bbox 2614 3096 2713 3157; x_wconf 83' lang='grc' dir='ltr'><strong>τῆς</strong></span> <span class='ocrx_word' id='word_1_570' title='bbox 2787 3092 2990 3167; x_wconf 75' lang='grc' dir='ltr'>μητρὸς</span> <span class='ocrx_word' id='word_1_571' title='bbox 3044 3092 3200 3148; x_wconf 71' lang='grc' dir='ltr'>αὐτοῦ</span> <span class='ocrx_word' id='word_1_572' title='bbox 3266 3088 3498 3166; x_wconf 91' lang='grc' dir='ltr'>δεύτερον</span> <span class='ocrx_word' id='word_1_573' title='bbox 3555 3088 3839 3161; x_wconf 77' lang='grc' dir='ltr'>εἰσελθεῖν,</span> 
     </span>
    </p>
   </div>
   <div class='ocr_carea' id='block_1_77' title="bbox 2190 3177 3845 3257">
    <p class='ocr_par' dir='ltr' id='par_1_77' title="bbox 2190 3177 3845 3257">
     <span class='ocr_line' id='line_1_77' title="bbox 2190 3177 3845 3257; baseline -0.003 -22"><span class='ocrx_word' id='word_1_574' title='bbox 2190 3181 2277 3236; x_wconf 82' lang='grc' dir='ltr'><strong>καὶ</strong></span> <span class='ocrx_word' id='word_1_575' title='bbox 2334 3180 2701 3257; x_wconf 66' lang='grc' dir='ltr'>γεννηθῆναις</span> <span class='ocrx_word' id='word_1_576' title='bbox 2762 3178 3047 3253; x_wconf 82' lang='grc' dir='ltr'>Ἀπεκρίθη</span> <span class='ocrx_word' id='word_1_577' title='bbox 3109 3178 3318 3246; x_wconf 80' lang='grc' dir='ltr'>Ἰησοῦς</span> <span class='ocrx_word' id='word_1_578' title='bbox 3357 3198 3369 3211; x_wconf 90' lang='grc'><strong>·</strong></span> <span class='ocrx_word' id='word_1_579' title='bbox 3453 3177 3649 3254; x_wconf 77' lang='grc' dir='ltr'>Ἀμὴν,</span> <span class='ocrx_word' id='word_1_580' title='bbox 3693 3178 3845 3253; x_wconf 74' lang='grc' dir='ltr'>ἀμὴν</span> 
     </span>
    </p>
   </div>
   <div class='ocr_carea' id='block_1_78' title="bbox 2189 3266 3901 3348">
    <p class='ocr_par' dir='ltr' id='par_1_78' title="bbox 2189 3266 3901 3348">
     <span class='ocr_line' id='line_1_78' title="bbox 2189 3266 3901 3348; baseline -0.003 -24"><span class='ocrx_word' id='word_1_581' title='bbox 2189 3268 2331 3347; x_wconf 80' lang='grc' dir='ltr'>λέγω</span> <span class='ocrx_word' id='word_1_582' title='bbox 2391 3292 2499 3348; x_wconf 81' lang='grc' dir='ltr'>σοι,</span> <span class='ocrx_word' id='word_1_583' title='bbox 2555 3268 2644 3324; x_wconf 82' lang='grc' dir='ltr'><strong>ἐὰν</strong></span> <span class='ocrx_word' id='word_1_584' title='bbox 2692 3270 2852 3343; x_wconf 71' lang='grc' dir='ltr'>μήτις</span> <span class='ocrx_word' id='word_1_585' title='bbox 2914 3272 3142 3347; x_wconf 82' lang='grc' dir='ltr'>γεννηθῇ</span> <span class='ocrx_word' id='word_1_586' title='bbox 3201 3266 3251 3334; x_wconf 78' lang='grc' dir='ltr'><strong>ἐξ</strong></span> <span class='ocrx_word' id='word_1_587' title='bbox 3310 3266 3494 3332; x_wconf 71' lang='grc' dir='ltr'>ὕδατος</span> <span class='ocrx_word' id='word_1_588' title='bbox 3526 3269 3613 3323; x_wconf 86' lang='grc' dir='ltr'><strong>καὶ</strong></span> <span class='ocrx_word' id='word_1_589' title='bbox 3669 3268 3843 3324; x_wconf 84' lang='grc' dir='ltr'>Πνεύ-</span> <span class='ocrx_word' id='word_1_590' title='bbox 3896 3318 3901 3319; x_wconf 63' lang='lat'><strong><em>,</em></strong></span> 
     </span>
    </p>
   </div>
   <div class='ocr_carea' id='block_1_79' title="bbox 2192 3356 3845 3435">
    <p class='ocr_par' dir='ltr' id='par_1_79' title="bbox 2192 3356 3845 3435">
     <span class='ocr_line' id='line_1_79' title="bbox 2192 3356 3845 3435; baseline -0.002 -20"><span class='ocrx_word' id='word_1_591' title='bbox 2192 3380 2382 3435; x_wconf 87' lang='grc' dir='ltr'>ματος,</span> <span class='ocrx_word' id='word_1_592' title='bbox 2430 3360 2488 3414; x_wconf 77' lang='grc' dir='ltr'><strong>οῦ</strong></span> <span class='ocrx_word' id='word_1_593' title='bbox 2530 3356 2741 3415; x_wconf 87' lang='grc' dir='ltr'>δύναται</span> <span class='ocrx_word' id='word_1_594' title='bbox 2801 3360 2874 3422; x_wconf 83' lang='grc' dir='ltr'><strong>είς</strong></span> <span class='ocrx_word' id='word_1_595' title='bbox 2932 3359 3030 3425; x_wconf 81' lang='grc' dir='ltr'>τὴν</span> <span class='ocrx_word' id='word_1_596' title='bbox 3084 3357 3355 3435; x_wconf 87' lang='grc' dir='ltr'>βασιλείαν</span> <span class='ocrx_word' id='word_1_597' title='bbox 3386 3364 3473 3414; x_wconf 79' lang='grc' dir='ltr'><strong>τοῦ</strong></span> <span class='ocrx_word' id='word_1_598' title='bbox 3505 3360 3637 3414; x_wconf 79' lang='grc' dir='ltr'>Θεοῦ</span> <span class='ocrx_word' id='word_1_599' title='bbox 3665 3356 3845 3413; x_wconf 77' lang='grc' dir='ltr'>εἰσελ-</span> 
     </span>
    </p>
   </div>
   <div class='ocr_carea' id='block_1_80' title="bbox 2188 3444 3853 3524">
    <p class='ocr_par' dir='ltr' id='par_1_80' title="bbox 2188 3444 3853 3524">
     <span class='ocr_line' id='line_1_80' title="bbox 2188 3444 3853 3524; baseline -0.002 -20"><span class='ocrx_word' id='word_1_600' title='bbox 2188 3452 2322 3510; x_wconf 77' lang='grc' dir='ltr'>θεῖν,</span> <span class='ocrx_word' id='word_1_601' title='bbox 2363 3470 2385 3505; x_wconf 67' lang='grc' dir='ltr'><strong>υ</strong></span> <span class='ocrx_word' id='word_1_602' title='bbox 2454 3446 2690 3504; x_wconf 85' lang='grc' dir='ltr'>Ἀκούων</span> <span class='ocrx_word' id='word_1_603' title='bbox 2748 3450 2774 3503; x_wconf 87' lang='lat'><strong>6</strong></span> <span class='ocrx_word' id='word_1_604' title='bbox 2833 3446 3136 3524; x_wconf 81' lang='grc' dir='ltr'>Νικόδημος</span> <span class='ocrx_word' id='word_1_605' title='bbox 3196 3448 3359 3521; x_wconf 81' lang='grc' dir='ltr'>μείζω</span> <span class='ocrx_word' id='word_1_606' title='bbox 3400 3446 3729 3523; x_wconf 73' lang='grc' dir='ltr'>ἀνθρωπίνης</span> <span class='ocrx_word' id='word_1_607' title='bbox 3774 3444 3853 3501; x_wconf 89' lang='grc' dir='ltr'>δι-</span> 
     </span>
    </p>
   </div>
   <div class='ocr_carea' id='block_1_81' title="bbox 2190 3536 3846 3617">
    <p class='ocr_par' dir='ltr' id='par_1_81' title="bbox 2190 3536 3846 3617">
     <span class='ocr_line' id='line_1_81' title="bbox 2190 3536 3846 3617; baseline -0.001 -25"><span class='ocrx_word' id='word_1_608' title='bbox 2190 3536 2499 3617; x_wconf 82' lang='grc' dir='ltr'>δασκαλίας,</span> <span class='ocrx_word' id='word_1_609' title='bbox 2562 3536 2941 3610; x_wconf 77' lang='grc' dir='ltr'>ἐκπλήττεται,</span> <span class='ocrx_word' id='word_1_610' title='bbox 3002 3539 3091 3592; x_wconf 83' lang='grc' dir='ltr'><strong>καὶ</strong></span> <span class='ocrx_word' id='word_1_611' title='bbox 3142 3538 3321 3593; x_wconf 83' lang='grc' dir='ltr'>παθὼν</span> <span class='ocrx_word' id='word_1_612' title='bbox 3352 3537 3673 3615; x_wconf 83' lang='grc' dir='ltr'>ἀνθρώπινον</span> <span class='ocrx_word' id='word_1_613' title='bbox 3734 3537 3846 3591; x_wconf 85' lang='grc' dir='ltr'><strong>πά-</strong></span> 
     </span>
    </p>
   </div>
   <div class='ocr_carea' id='block_1_82' title="bbox 2189 3624 3847 3705">
    <p class='ocr_par' dir='ltr' id='par_1_82' title="bbox 2189 3624 3847 3705">
     <span class='ocr_line' id='line_1_82' title="bbox 2189 3624 3847 3705; baseline -0.001 -23"><span class='ocrx_word' id='word_1_614' title='bbox 2189 3630 2296 3699; x_wconf 86' lang='grc' dir='ltr'>Θος,</span> <span class='ocrx_word' id='word_1_615' title='bbox 2347 3626 2518 3705; x_wconf 81' lang='grc' dir='ltr'>ἐρωτᾷ</span> <span class='ocrx_word' id='word_1_616' title='bbox 2550 3644 2565 3657; x_wconf 81' lang='grc'>⁶</span> <span class='ocrx_word' id='word_1_617' title='bbox 2634 3650 2659 3680; x_wconf 74' lang='grc' dir='ltr'><strong>α</strong></span> <span class='ocrx_word' id='word_1_618' title='bbox 2696 3626 2816 3688; x_wconf 79' lang='grc' dir='ltr'>Πῶς</span> <span class='ocrx_word' id='word_1_619' title='bbox 2866 3624 3075 3681; x_wconf 67' lang='grc' dir='ltr'>δύναται</span> <span class='ocrx_word' id='word_1_620' title='bbox 3110 3645 3126 3701; x_wconf 80' lang='grc'><strong>;</strong></span> <span class='ocrx_word' id='word_1_621' title='bbox 3165 3650 3191 3681; x_wconf 74' lang='grc' dir='ltr'>ι)</span> <span class='ocrx_word' id='word_1_622' title='bbox 3255 3625 3384 3704; x_wconf 82' lang='grc' dir='ltr'>ὅπερ</span> <span class='ocrx_word' id='word_1_623' title='bbox 3441 3626 3683 3689; x_wconf 76' lang='grc' dir='ltr'>ἀπιστίας</span> <span class='ocrx_word' id='word_1_624' title='bbox 3736 3625 3847 3681; x_wconf 77' lang='grc' dir='ltr'>ἐστὶ</span> 
     </span>
    </p>
   </div>
   <div class='ocr_carea' id='block_1_83' title="bbox 2193 3705 3845 3794">
    <p class='ocr_par' dir='ltr' id='par_1_83' title="bbox 2193 3705 3845 3794">
     <span class='ocr_line' id='line_1_83' title="bbox 2193 3705 3845 3794; baseline -0.001 -24"><span class='ocrx_word' id='word_1_625' title='bbox 2193 3728 2446 3791; x_wconf 76' lang='grc' dir='ltr'>σημεῖον.</span> <span class='ocrx_word' id='word_1_626' title='bbox 2512 3705 2694 3773; x_wconf 60' lang='grc' dir='ltr'><strong>εὈττου</strong></span> <span class='ocrx_word' id='word_1_627' title='bbox 2738 3717 2837 3794; x_wconf 77' lang='grc' dir='ltr'>γὰρ</span> <span class='ocrx_word' id='word_1_628' title='bbox 2881 3716 3060 3778; x_wconf 84' lang='grc' dir='ltr'>πίστις</span> <span class='ocrx_word' id='word_1_629' title='bbox 3105 3720 3200 3773; x_wconf 73' lang='grc' dir='ltr'><strong>οὒκ</strong></span> <span class='ocrx_word' id='word_1_630' title='bbox 3242 3713 3404 3789; x_wconf 72' lang='grc' dir='ltr'>ἔστιν,</span> <span class='ocrx_word' id='word_1_631' title='bbox 3459 3714 3574 3770; x_wconf 81' lang='grc' dir='ltr'>ἐκεῖ</span> <span class='ocrx_word' id='word_1_632' title='bbox 3604 3716 3685 3787; x_wconf 77' lang='grc' dir='ltr'>τὸ,</span> <span class='ocrx_word' id='word_1_633' title='bbox 3720 3719 3845 3777; x_wconf 81' lang='grc' dir='ltr'><strong>Πῶς</strong></span> 
     </span>
    </p>
   </div>
   <div class='ocr_carea' id='block_1_84' title="bbox 2197 3803 3847 3883">
    <p class='ocr_par' dir='ltr' id='par_1_84' title="bbox 2197 3803 3847 3883">
     <span class='ocr_line' id='line_1_84' title="bbox 2197 3803 3847 3883; baseline -0.001 -23"><span class='ocrx_word' id='word_1_634' title='bbox 2197 3803 2312 3861; x_wconf 87' lang='grc' dir='ltr'>τόδε</span> <span class='ocrx_word' id='word_1_635' title='bbox 2345 3822 2361 3880; x_wconf 89' lang='grc'><strong>;</strong></span> <span class='ocrx_word' id='word_1_636' title='bbox 2397 3806 2506 3875; x_wconf 85' lang='grc' dir='ltr'>καὶ,</span> <span class='ocrx_word' id='word_1_637' title='bbox 2545 3806 2641 3861; x_wconf 77' lang='grc' dir='ltr'><strong>Διᾶ</strong></span> <span class='ocrx_word' id='word_1_638' title='bbox 2670 3807 2719 3861; x_wconf 88' lang='grc' dir='ltr'><strong>τί</strong></span> <span class='ocrx_word' id='word_1_639' title='bbox 2749 3803 2864 3861; x_wconf 62' lang='grc' dir='ltr'>τόῗε</span> <span class='ocrx_word' id='word_1_640' title='bbox 2902 3825 2918 3880; x_wconf 83' lang='grc'><strong>;</strong></span> <span class='ocrx_word' id='word_1_641' title='bbox 2954 3806 3046 3860; x_wconf 82' lang='grc' dir='ltr'><strong>Διὸ</strong></span> <span class='ocrx_word' id='word_1_642' title='bbox 3078 3807 3162 3862; x_wconf 83' lang='grc' dir='ltr'><strong>καὶ</strong></span> <span class='ocrx_word' id='word_1_643' title='bbox 3219 3803 3591 3883; x_wconf 84' lang='grc' dir='ltr'>καταγέλαστα</span> <span class='ocrx_word' id='word_1_644' title='bbox 3635 3805 3698 3860; x_wconf 78' lang='grc' dir='ltr'>τὰ</span> <span class='ocrx_word' id='word_1_645' title='bbox 3754 3811 3847 3859; x_wconf 80' lang='grc' dir='ltr'><strong>τοῦ</strong></span> 
     </span>
    </p>
   </div>
   <div class='ocr_carea' id='block_1_85' title="bbox 2198 3892 3847 3974">
    <p class='ocr_par' dir='ltr' id='par_1_85' title="bbox 2198 3892 3847 3974">
     <span class='ocr_line' id='line_1_85' title="bbox 2198 3892 3847 3974; baseline -0.002 -24"><span class='ocrx_word' id='word_1_646' title='bbox 2198 3892 2498 3970; x_wconf 77' lang='grc' dir='ltr'>Νικοδήμου</span> <span class='ocrx_word' id='word_1_647' title='bbox 2581 3895 2795 3971; x_wconf 73' lang='grc' dir='ltr'>ῥήματα</span> <span class='ocrx_word' id='word_1_648' title='bbox 2893 3894 3187 3974; x_wconf 80' lang='grc' dir='ltr'>φαίνονται.</span> <span class='ocrx_word' id='word_1_649' title='bbox 3263 3896 3336 3951; x_wconf 72' lang='grc' dir='ltr'><strong>Οὗ</strong></span> <span class='ocrx_word' id='word_1_650' title='bbox 3415 3895 3514 3972; x_wconf 81' lang='grc' dir='ltr'><strong>γὰρ</strong></span> <span class='ocrx_word' id='word_1_651' title='bbox 3599 3892 3847 3959; x_wconf 83' lang='grc' dir='ltr'>ἐνενόησε</span> 
     </span>
    </p>
   </div>
   <div class='ocr_carea' id='block_1_86' title="bbox 2197 3981 3846 4063">
    <p class='ocr_par' dir='ltr' id='par_1_86' title="bbox 2197 3981 3846 4063">
     <span class='ocr_line' id='line_1_86' title="bbox 2197 3981 3846 4063; baseline -0.001 -25"><span class='ocrx_word' id='word_1_652' title='bbox 2197 3982 2444 4061; x_wconf 86' lang='grc' dir='ltr'>γέννησιν</span> <span class='ocrx_word' id='word_1_653' title='bbox 2542 3982 2929 4063; x_wconf 59' lang='grc' dir='ltr'>πνευματικήν,</span> <span class='ocrx_word' id='word_1_654' title='bbox 3006 3981 3141 4039; x_wconf 77' lang='grc' dir='ltr'>ἀλλὰ</span> <span class='ocrx_word' id='word_1_655' title='bbox 3224 3985 3449 4063; x_wconf 82' lang='grc' dir='ltr'>γαστρὸς</span> <span class='ocrx_word' id='word_1_656' title='bbox 3533 3987 3846 4057; x_wconf 73' lang='grc' dir='ltr'>σωματικῆς</span> 
     </span>
    </p>
   </div>
   <div class='ocr_carea' id='block_1_87' title="bbox 2200 4071 3844 4150">
    <p class='ocr_par' dir='ltr' id='par_1_87' title="bbox 2200 4071 3844 4150">
     <span class='ocr_line' id='line_1_87' title="bbox 2200 4071 3844 4150; baseline -0.002 -21"><span class='ocrx_word' id='word_1_657' title='bbox 2200 4072 2489 4148; x_wconf 85' lang='grc' dir='ltr'>μέμνηται.</span> <span class='ocrx_word' id='word_1_658' title='bbox 2524 4071 2672 4129; x_wconf 81' lang='grc' dir='ltr'>Ἐπεὶ</span> <span class='ocrx_word' id='word_1_659' title='bbox 2702 4074 2800 4150; x_wconf 73' lang='grc' dir='ltr'>γὰρ</span> <span class='ocrx_word' id='word_1_660' title='bbox 2832 4071 3025 4139; x_wconf 70' lang='grc' dir='ltr'>ἤκουσε</span> <span class='ocrx_word' id='word_1_661' title='bbox 3069 4075 3153 4142; x_wconf 84' lang='grc' dir='ltr'>τὸ,</span> <span class='ocrx_word' id='word_1_662' title='bbox 3212 4094 3236 4129; x_wconf 80' lang='grc' dir='ltr'>(ι</span> <span class='ocrx_word' id='word_1_663' title='bbox 3269 4072 3394 4133; x_wconf 73' lang='grc' dir='ltr'>Ἐὰν</span> <span class='ocrx_word' id='word_1_664' title='bbox 3452 4074 3528 4148; x_wconf 71' lang='grc' dir='ltr'>μή</span> <span class='ocrx_word' id='word_1_665' title='bbox 3579 4094 3660 4138; x_wconf 91' lang='grc' dir='ltr'><strong>τις</strong></span> <span class='ocrx_word' id='word_1_666' title='bbox 3715 4093 3844 4149; x_wconf 84' lang='grc' dir='ltr'>γεν-</span> 
     </span>
    </p>
   </div>
   <div class='ocr_carea' id='block_1_88' title="bbox 2194 4159 3845 4240">
    <p class='ocr_par' dir='ltr' id='par_1_88' title="bbox 2194 4159 3845 4240">
     <span class='ocr_line' id='line_1_88' title="bbox 2194 4159 3845 4240; baseline -0.002 -22"><span class='ocrx_word' id='word_1_667' title='bbox 2194 4164 2328 4239; x_wconf 77' lang='grc' dir='ltr'>νηθῇ</span> <span class='ocrx_word' id='word_1_668' title='bbox 2372 4162 2587 4240; x_wconf 72' lang='grc' dir='ltr'>ἄνωθεν,</span> <span class='ocrx_word' id='word_1_669' title='bbox 2625 4184 2651 4216; x_wconf 74' lang='grc' dir='ltr'>ι)</span> <span class='ocrx_word' id='word_1_670' title='bbox 2713 4161 2924 4237; x_wconf 88' lang='grc' dir='ltr'>ἐνόμισε</span> <span class='ocrx_word' id='word_1_671' title='bbox 2981 4164 3040 4217; x_wconf 83' lang='grc' dir='ltr'>τὸ</span> <span class='ocrx_word' id='word_1_672' title='bbox 3112 4161 3308 4219; x_wconf 81' lang='grc' dir='ltr'>ἄνωθεν</span> <span class='ocrx_word' id='word_1_673' title='bbox 3394 4162 3531 4218; x_wconf 78' lang='grc' dir='ltr'>οὕτω</span> <span class='ocrx_word' id='word_1_674' title='bbox 3574 4159 3845 4237; x_wconf 77' lang='grc' dir='ltr'>λέγεσθαι,</span> 
     </span>
    </p>
   </div>
   <div class='ocr_carea' id='block_1_89' title="bbox 2194 4248 3849 4331">
    <p class='ocr_par' dir='ltr' id='par_1_89' title="bbox 2194 4248 3849 4331">
     <span class='ocr_line' id='line_1_89' title="bbox 2194 4248 3849 4331; baseline -0.001 -25"><span class='ocrx_word' id='word_1_675' title='bbox 2194 4252 2307 4307; x_wconf 82' lang='grc' dir='ltr'>ἀντὶ</span> <span class='ocrx_word' id='word_1_676' title='bbox 2367 4258 2482 4331; x_wconf 87' lang='grc' dir='ltr'>τοῦ,</span> <span class='ocrx_word' id='word_1_677' title='bbox 2540 4248 2591 4316; x_wconf 80' lang='grc' dir='ltr'><strong>ἐξ</strong></span> <span class='ocrx_word' id='word_1_678' title='bbox 2640 4250 2839 4331; x_wconf 78' lang='grc' dir='ltr'>ἀρχῆς,</span> <span class='ocrx_word' id='word_1_679' title='bbox 2923 4254 2981 4307; x_wconf 68' lang='grc' dir='ltr'><strong>ἐκ</strong></span> <span class='ocrx_word' id='word_1_680' title='bbox 3060 4250 3298 4331; x_wconf 74' lang='grc' dir='ltr'>δευτέρου</span> <span class='ocrx_word' id='word_1_681' title='bbox 3337 4268 3349 4281; x_wconf 88' lang='grc'>·</span> <span class='ocrx_word' id='word_1_682' title='bbox 3408 4251 3545 4307; x_wconf 83' lang='grc' dir='ltr'>ὥστε</span> <span class='ocrx_word' id='word_1_683' title='bbox 3599 4251 3739 4306; x_wconf 76' lang='grc' dir='ltr'>εἶναι</span> <span class='ocrx_word' id='word_1_684' title='bbox 3787 4254 3849 4305; x_wconf 79' lang='grc' dir='ltr'>τὸ</span> 
     </span>
    </p>
   </div>
   <div class='ocr_carea' id='block_1_90' title="bbox 2196 4336 3845 4418">
    <p class='ocr_par' dir='ltr' id='par_1_90' title="bbox 2196 4336 3845 4418">
     <span class='ocr_line' id='line_1_90' title="bbox 2196 4336 3845 4418; baseline -0.002 -24"><span class='ocrx_word' id='word_1_685' title='bbox 2196 4338 2482 4417; x_wconf 61' lang='grc' dir='ltr'>λείόμενον</span> <span class='ocrx_word' id='word_1_686' title='bbox 2540 4346 2773 4396; x_wconf 91' lang='grc' dir='ltr'>τοιοῦτον</span> <span class='ocrx_word' id='word_1_687' title='bbox 2812 4359 2821 4371; x_wconf 77' lang='grc'><strong><em>⁸</em></strong></span> <span class='ocrx_word' id='word_1_688' title='bbox 2874 4337 2998 4397; x_wconf 83' lang='grc' dir='ltr'><strong>Ἐὰν</strong></span> <span class='ocrx_word' id='word_1_689' title='bbox 3033 4340 3109 4413; x_wconf 85' lang='grc' dir='ltr'>μή</span> <span class='ocrx_word' id='word_1_690' title='bbox 3154 4362 3233 4404; x_wconf 90' lang='grc' dir='ltr'><strong>τις</strong></span> <span class='ocrx_word' id='word_1_691' title='bbox 3277 4343 3506 4418; x_wconf 79' lang='grc' dir='ltr'>γεννηθῇ</span> <span class='ocrx_word' id='word_1_692' title='bbox 3565 4336 3615 4405; x_wconf 79' lang='grc' dir='ltr'><strong>ἐξ</strong></span> <span class='ocrx_word' id='word_1_693' title='bbox 3670 4338 3845 4418; x_wconf 70' lang='grc' dir='ltr'>ἐρχῆς</span> 
     </span>
    </p>
   </div>
   <div class='ocr_carea' id='block_1_91' title="bbox 463 4426 2108 4513">
    <p class='ocr_par' dir='ltr' id='par_1_91' title="bbox 463 4426 2108 4513">
     <span class='ocr_line' id='line_1_91' title="bbox 463 4426 2108 4513; baseline 0.002 -20"><span class='ocrx_word' id='word_1_694' title='bbox 463 4439 577 4493; x_wconf 91' lang='lat' dir='ltr'><strong>test</strong></span> <span class='ocrx_word' id='word_1_695' title='bbox 603 4431 655 4492; x_wconf 91' lang='lat' dir='ltr'><strong>is</strong></span> <span class='ocrx_word' id='word_1_696' title='bbox 675 4432 775 4513; x_wconf 91' lang='lat' dir='ltr'><strong>qui</strong></span> <span class='ocrx_word' id='word_1_697' title='bbox 808 4449 991 4494; x_wconf 83' lang='lat' dir='ltr'><strong>senex</strong></span> <span class='ocrx_word' id='word_1_698' title='bbox 1021 4440 1132 4506; x_wconf 89' lang='lat' dir='ltr'><strong>est,</strong></span> <span class='ocrx_word' id='word_1_699' title='bbox 1164 4431 1362 4494; x_wconf 88' lang='lat' dir='ltr'><strong>denuo</strong></span> <span class='ocrx_word' id='word_1_700' title='bbox 1385 4432 1611 4496; x_wconf 89' lang='lat' dir='ltr'><strong>intrare</strong></span> <span class='ocrx_word' id='word_1_701' title='bbox 1642 4434 1700 4495; x_wconf 93' lang='lat' dir='ltr'><strong>in</strong></span> <span class='ocrx_word' id='word_1_702' title='bbox 1731 4444 1964 4498; x_wconf 85' lang='lat' dir='ltr'><strong>uterum</strong></span> <span class='ocrx_word' id='word_1_703' title='bbox 1997 4426 2108 4497; x_wconf 87' lang='lat' dir='ltr'><strong>ma-</strong></span> 
     </span>
    </p>
   </div>
   <div class='ocr_carea' id='block_1_92' title="bbox 2194 4426 3843 4513">
    <p class='ocr_par' dir='ltr' id='par_1_92' title="bbox 2201 4426 3843 4510">
     <span class='ocr_line' id='line_1_92' title="bbox 2201 4426 3843 4510; baseline -0.002 -26"><span class='ocrx_word' id='word_1_704' title='bbox 2201 4430 2285 4485; x_wconf 86' lang='grc' dir='ltr'><strong>καὶ</strong></span> <span class='ocrx_word' id='word_1_705' title='bbox 2330 4428 2389 4484; x_wconf 83' lang='grc' dir='ltr'><strong>ἐκ</strong></span> <span class='ocrx_word' id='word_1_706' title='bbox 2443 4426 2702 4506; x_wconf 82' lang='grc' dir='ltr'>δευτέρου.</span> <span class='ocrx_word' id='word_1_707' title='bbox 2764 4428 2862 4484; x_wconf 78' lang='grc' dir='ltr'>Διὰ</span> <span class='ocrx_word' id='word_1_708' title='bbox 2917 4437 3071 4487; x_wconf 87' lang='grc' dir='ltr'>τοῦτο</span> <span class='ocrx_word' id='word_1_709' title='bbox 3122 4428 3208 4485; x_wconf 83' lang='grc' dir='ltr'><strong>οῦν</strong></span> <span class='ocrx_word' id='word_1_710' title='bbox 3260 4452 3415 4510; x_wconf 69' lang='grc' dir='ltr'>φησι,</span> <span class='ocrx_word' id='word_1_711' title='bbox 3454 4435 3571 4491; x_wconf 80' lang='grc' dir='ltr'><strong>Πῶς</strong></span> <span class='ocrx_word' id='word_1_712' title='bbox 3634 4426 3843 4483; x_wconf 78' lang='grc' dir='ltr'>δύναται</span> 
     </span>
    </p>
   </div>
   <div class='ocr_carea' id='block_1_93' title="bbox 463 4518 2115 4605">
    <p class='ocr_par' dir='ltr' id='par_1_93' title="bbox 463 4518 2115 4605">
     <span class='ocr_line' id='line_1_93' title="bbox 463 4518 2115 4605; baseline 0.004 -24"><span class='ocrx_word' id='word_1_713' title='bbox 463 4519 568 4581; x_wconf 90' lang='lat' dir='ltr'><strong>tris</strong></span> <span class='ocrx_word' id='word_1_714' title='bbox 599 4526 750 4583; x_wconf 70' lang='lat' dir='ltr'><strong>suae?</strong></span> <span class='ocrx_word' id='word_1_715' title='bbox 779 4518 925 4582; x_wconf 89' lang='lat' dir='ltr'><strong>Nam</strong></span> <span class='ocrx_word' id='word_1_716' title='bbox 957 4520 1075 4583; x_wconf 87' lang='lat' dir='ltr'><strong>duo</strong></span> <span class='ocrx_word' id='word_1_717' title='bbox 1104 4520 1271 4582; x_wconf 90' lang='lat' dir='ltr'><strong>illum</strong></span> <span class='ocrx_word' id='word_1_718' title='bbox 1297 4520 1591 4584; x_wconf 80' lang='lat' dir='ltr'><strong>faciebant</strong></span> <span class='ocrx_word' id='word_1_719' title='bbox 1623 4524 1990 4605; x_wconf 81' lang='lat' dir='ltr'><strong>perplexum,</strong></span> <span class='ocrx_word' id='word_1_720' title='bbox 2017 4544 2115 4587; x_wconf 84' lang='lat' dir='ltr'><strong>na-</strong></span> 
     </span>
    </p>
   </div>
   <div class='ocr_carea' id='block_1_94' title="bbox 464 4608 2113 4694">
    <p class='ocr_par' dir='ltr' id='par_1_94' title="bbox 464 4608 2113 4694">
     <span class='ocr_line' id='line_1_94' title="bbox 464 4608 2113 4694; baseline 0.002 -23"><span class='ocrx_word' id='word_1_721' title='bbox 464 4608 656 4671; x_wconf 84' lang='lat' dir='ltr'><strong>tivitas</strong></span> <span class='ocrx_word' id='word_1_722' title='bbox 685 4608 917 4672; x_wconf 88' lang='lat' dir='ltr'><strong>scilicet</strong></span> <span class='ocrx_word' id='word_1_723' title='bbox 948 4609 1303 4690; x_wconf 88' lang='lat' dir='ltr'><strong>spiritualis,</strong></span> <span class='ocrx_word' id='word_1_724' title='bbox 1328 4619 1387 4672; x_wconf 85' lang='lat' dir='ltr'><strong>et</strong></span> <span class='ocrx_word' id='word_1_725' title='bbox 1402 4629 1681 4692; x_wconf 88' lang='lat' dir='ltr'><strong>regnum.</strong></span> <span class='ocrx_word' id='word_1_726' title='bbox 1718 4614 1923 4694; x_wconf 89' lang='lat' dir='ltr'><strong>Neque</strong></span> <span class='ocrx_word' id='word_1_727' title='bbox 1956 4614 2113 4675; x_wconf 89' lang='lat' dir='ltr'><strong>enim</strong></span> 
     </span>
    </p>
   </div>
   <div class='ocr_carea' id='block_1_95' title="bbox 464 4698 2113 4784">
    <p class='ocr_par' dir='ltr' id='par_1_95' title="bbox 464 4698 2113 4784">
     <span class='ocr_line' id='line_1_95' title="bbox 464 4698 2113 4784; baseline 0.003 -24"><span class='ocrx_word' id='word_1_728' title='bbox 464 4716 683 4777; x_wconf 85' lang='lat' dir='ltr'><strong>nomen</strong></span> <span class='ocrx_word' id='word_1_729' title='bbox 695 4698 865 4777; x_wconf 83' lang='lat' dir='ltr'><strong>regni</strong></span> <span class='ocrx_word' id='word_1_730' title='bbox 886 4699 1174 4762; x_wconf 73' lang='lat' dir='ltr'><strong>cmlorum</strong></span> <span class='ocrx_word' id='word_1_731' title='bbox 1196 4700 1462 4761; x_wconf 88' lang='lat' dir='ltr'><strong>auditum</strong></span> <span class='ocrx_word' id='word_1_732' title='bbox 1489 4711 1614 4763; x_wconf 88' lang='lat' dir='ltr'><strong>erat</strong></span> <span class='ocrx_word' id='word_1_733' title='bbox 1628 4702 1944 4783; x_wconf 90' lang='lat' dir='ltr'><strong>aliquando</strong></span> <span class='ocrx_word' id='word_1_734' title='bbox 1960 4703 2113 4784; x_wconf 89' lang='lat' dir='ltr'><strong>apud</strong></span> 
     </span>
    </p>
   </div>
   <div class='ocr_carea' id='block_1_96' title="bbox 463 4784 2117 4873">
    <p class='ocr_par' dir='ltr' id='par_1_96' title="bbox 463 4784 2117 4873">
     <span class='ocr_line' id='line_1_96' title="bbox 463 4784 2117 4873; baseline 0.003 -23"><span class='ocrx_word' id='word_1_735' title='bbox 463 4784 894 4873; x_wconf 68' lang='lat' dir='ltr'><strong>IudaeosNunc</strong></span> <span class='ocrx_word' id='word_1_736' title='bbox 916 4787 1098 4866; x_wconf 88' lang='lat' dir='ltr'><strong>igitur</strong></span> <span class='ocrx_word' id='word_1_737' title='bbox 1118 4789 1193 4850; x_wconf 91' lang='lat' dir='ltr'><strong>de</strong></span> <span class='ocrx_word' id='word_1_738' title='bbox 1212 4788 1512 4851; x_wconf 84' lang='lat' dir='ltr'><strong>nativitate</strong></span> <span class='ocrx_word' id='word_1_739' title='bbox 1534 4789 2117 4873; x_wconf 85' lang='lat' dir='ltr'><strong>dubitat,propterea</strong></span> 
     </span>
    </p>
   </div>
   <div class='ocr_carea' id='block_1_97' title="bbox 466 4869 2121 4960">
    <p class='ocr_par' dir='ltr' id='par_1_97' title="bbox 466 4869 2121 4960">
     <span class='ocr_line' id='line_1_97' title="bbox 466 4869 2121 4960; baseline 0.003 -21"><span class='ocrx_word' id='word_1_740' title='bbox 466 4869 833 4940; x_wconf 46' lang='lat' dir='ltr'><strong>et&#39;Christus</strong></span> <span class='ocrx_word' id='word_1_741' title='bbox 900 4877 956 4939; x_wconf 91' lang='lat' dir='ltr'><strong>ei</strong></span> <span class='ocrx_word' id='word_1_742' title='bbox 1010 4877 1381 4940; x_wconf 77' lang='lat' dir='ltr'><strong>manifestius</strong></span> <span class='ocrx_word' id='word_1_743' title='bbox 1430 4878 1756 4960; x_wconf 82' lang='lat' dir='ltr'><strong>spiritualis</strong></span> <span class='ocrx_word' id='word_1_744' title='bbox 1802 4869 2121 4960; x_wconf 75' lang='lat' dir='ltr'><strong>nativitatis</strong></span> 
     </span>
    </p>
   </div>
   <div class='ocr_carea' id='block_1_98' title="bbox 469 4952 2118 5049">
    <p class='ocr_par' dir='ltr' id='par_1_98' title="bbox 469 4952 2118 5049">
     <span class='ocr_line' id='line_1_98' title="bbox 469 4952 2118 5049; baseline 0.004 -22"><span class='ocrx_word' id='word_1_745' title='bbox 469 4965 709 5028; x_wconf 87' lang='lat' dir='ltr'><strong>modum</strong></span> <span class='ocrx_word' id='word_1_746' title='bbox 751 4964 1011 5029; x_wconf 86' lang='lat' dir='ltr'><strong>revelat:</strong></span> <span class='ocrx_word' id='word_1_747' title='bbox 1051 4992 1073 5022; x_wconf 80' lang='grc' dir='ltr'>ει</span> <span class='ocrx_word' id='word_1_748' title='bbox 1108 4965 1235 5029; x_wconf 89' lang='lat' dir='ltr'><strong>Nisi</strong></span> <span class='ocrx_word' id='word_1_749' title='bbox 1265 4967 1400 5048; x_wconf 89' lang='lat' dir='ltr'><strong>quis</strong></span> <span class='ocrx_word' id='word_1_750' title='bbox 1448 4952 1746 5049; x_wconf 79' lang='lat' dir='ltr'><strong>nascatur,</strong></span> <span class='ocrx_word' id='word_1_751' title='bbox 1794 4952 2019 5045; x_wconf 81' lang='lat' dir='ltr'><strong>dicens,</strong></span> <span class='ocrx_word' id='word_1_752' title='bbox 2050 4990 2118 5033; x_wconf 80' lang='lat' dir='ltr'><strong>ex</strong></span> 
     </span>
    </p>
   </div>
   <div class='ocr_carea' id='block_1_99' title="bbox 466 5055 2119 5137">
    <p class='ocr_par' dir='ltr' id='par_1_99' title="bbox 466 5055 2119 5137">
     <span class='ocr_line' id='line_1_99' title="bbox 466 5055 2119 5137; baseline 0.002 -20"><span class='ocrx_word' id='word_1_753' title='bbox 466 5073 618 5136; x_wconf 87' lang='lat' dir='ltr'><strong>aqua</strong></span> <span class='ocrx_word' id='word_1_754' title='bbox 648 5062 707 5117; x_wconf 90' lang='lat' dir='ltr'><strong>et</strong></span> <span class='ocrx_word' id='word_1_755' title='bbox 735 5055 1020 5137; x_wconf 64' lang='lat' dir='ltr'><strong>Spiritu.»</strong></span> <span class='ocrx_word' id='word_1_756' title='bbox 1046 5055 1235 5118; x_wconf 87' lang='lat' dir='ltr'><strong>Homo</strong></span> <span class='ocrx_word' id='word_1_757' title='bbox 1259 5076 1394 5119; x_wconf 91' lang='lat' dir='ltr'><strong>cum</strong></span> <span class='ocrx_word' id='word_1_758' title='bbox 1428 5076 1498 5120; x_wconf 82' lang='lat' dir='ltr'><strong>ex</strong></span> <span class='ocrx_word' id='word_1_759' title='bbox 1529 5057 1760 5121; x_wconf 91' lang='lat' dir='ltr'><strong>duobus</strong></span> <span class='ocrx_word' id='word_1_760' title='bbox 1790 5067 2119 5136; x_wconf 84' lang='lat' dir='ltr'><strong>constet,ex</strong></span> 
     </span>
    </p>
   </div>
   <div class='ocr_carea' id='block_1_100' title="bbox 467 5146 2122 5230">
    <p class='ocr_par' dir='ltr' id='par_1_100' title="bbox 467 5146 2122 5230">
     <span class='ocr_line' id='line_1_100' title="bbox 467 5146 2122 5230; baseline 0.002 -23"><span class='ocrx_word' id='word_1_761' title='bbox 467 5161 719 5226; x_wconf 89' lang='lat' dir='ltr'><strong>corpore</strong></span> <span class='ocrx_word' id='word_1_762' title='bbox 741 5152 800 5209; x_wconf 89' lang='lat' dir='ltr'><strong>et</strong></span> <span class='ocrx_word' id='word_1_763' title='bbox 820 5146 1038 5221; x_wconf 89' lang='lat' dir='ltr'><strong>anima,</strong></span> <span class='ocrx_word' id='word_1_764' title='bbox 1090 5146 1270 5209; x_wconf 88' lang='lat' dir='ltr'><strong>habet</strong></span> <span class='ocrx_word' id='word_1_765' title='bbox 1299 5146 1621 5209; x_wconf 84' lang='lat' dir='ltr'><strong>nativitatis</strong></span> <span class='ocrx_word' id='word_1_766' title='bbox 1650 5167 1887 5230; x_wconf 88' lang='lat' dir='ltr'><strong>quoque</strong></span> <span class='ocrx_word' id='word_1_767' title='bbox 1916 5148 2122 5230; x_wconf 90' lang='lat' dir='ltr'><strong>dupli-</strong></span> 
     </span>
    </p>
   </div>
   <div class='ocr_carea' id='block_1_101' title="bbox 469 5233 2121 5320">
    <p class='ocr_par' dir='ltr' id='par_1_101' title="bbox 469 5233 2121 5320">
     <span class='ocr_line' id='line_1_101' title="bbox 469 5233 2121 5320; baseline 0.002 -23"><span class='ocrx_word' id='word_1_768' title='bbox 469 5251 597 5297; x_wconf 87' lang='lat' dir='ltr'><strong>cem</strong></span> <span class='ocrx_word' id='word_1_769' title='bbox 652 5233 914 5299; x_wconf 89' lang='lat' dir='ltr'><strong>modum.</strong></span> <span class='ocrx_word' id='word_1_770' title='bbox 958 5234 1125 5316; x_wconf 87' lang='lat' dir='ltr'><strong>Aqua</strong></span> <span class='ocrx_word' id='word_1_771' title='bbox 1157 5236 1319 5298; x_wconf 91' lang='lat' dir='ltr'><strong>enim</strong></span> <span class='ocrx_word' id='word_1_772' title='bbox 1353 5236 1403 5298; x_wconf 94' lang='lat' dir='ltr'><strong>si</strong></span> <span class='ocrx_word' id='word_1_773' title='bbox 1430 5236 1745 5299; x_wconf 89' lang='lat' dir='ltr'><strong>visibiliter</strong></span> <span class='ocrx_word' id='word_1_774' title='bbox 1774 5238 2121 5320; x_wconf 86' lang='lat' dir='ltr'><strong>accipiatur,</strong></span> 
     </span>
    </p>
   </div>
   <div class='ocr_carea' id='block_1_102' title="bbox 466 5322 2123 5408">
    <p class='ocr_par' dir='ltr' id='par_1_102' title="bbox 466 5322 2123 5408">
     <span class='ocr_line' id='line_1_102' title="bbox 466 5322 2123 5408; baseline 0.003 -23"><span class='ocrx_word' id='word_1_775' title='bbox 466 5322 837 5404; x_wconf 81' lang='lat' dir='ltr'><strong>adcorporis</strong></span> <span class='ocrx_word' id='word_1_776' title='bbox 865 5325 1122 5405; x_wconf 86' lang='lat' dir='ltr'><strong>pertinet</strong></span> <span class='ocrx_word' id='word_1_777' title='bbox 1154 5325 1653 5407; x_wconf 84' lang='lat' dir='ltr'><strong>puriﬁcationem;</strong></span> <span class='ocrx_word' id='word_1_778' title='bbox 1693 5327 1951 5408; x_wconf 85' lang='lat' dir='ltr'><strong>Spiritus</strong></span> <span class='ocrx_word' id='word_1_779' title='bbox 1987 5345 2123 5391; x_wconf 88' lang='lat' dir='ltr'><strong>vero</strong></span> 
     </span>
    </p>
   </div>
   <div class='ocr_carea' id='block_1_103' title="bbox 468 5412 2119 5498">
    <p class='ocr_par' dir='ltr' id='par_1_103' title="bbox 468 5412 2119 5498">
     <span class='ocr_line' id='line_1_103' title="bbox 468 5412 2119 5498; baseline 0.004 -24"><span class='ocrx_word' id='word_1_780' title='bbox 468 5412 843 5476; x_wconf 88' lang='lat' dir='ltr'><strong>invisibiliter</strong></span> <span class='ocrx_word' id='word_1_781' title='bbox 862 5415 1330 5491; x_wconf 90' lang='lat' dir='ltr'><strong>concurrens,ad</strong></span> <span class='ocrx_word' id='word_1_782' title='bbox 1356 5415 1670 5479; x_wconf 88' lang='lat' dir='ltr'><strong>invisibilis</strong></span> <span class='ocrx_word' id='word_1_783' title='bbox 1700 5417 1915 5479; x_wconf 66' lang='lat' dir='ltr'><strong>animae</strong></span> <span class='ocrx_word' id='word_1_784' title='bbox 1946 5436 2119 5498; x_wconf 89' lang='lat' dir='ltr'><strong>rege-</strong></span> 
     </span>
    </p>
   </div>
   <div class='ocr_carea' id='block_1_104' title="bbox 469 5502 2123 5590">
    <p class='ocr_par' dir='ltr' id='par_1_104' title="bbox 469 5502 2123 5590">
     <span class='ocr_line' id='line_1_104' title="bbox 469 5502 2123 5590; baseline 0.005 -28"><span class='ocrx_word' id='word_1_785' title='bbox 469 5502 840 5565; x_wconf 88' lang='lat' dir='ltr'><strong>nerationem</strong></span> <span class='ocrx_word' id='word_1_786' title='bbox 874 5502 1329 5584; x_wconf 85' lang='lat' dir='ltr'><strong>pertinet.Quod</strong></span> <span class='ocrx_word' id='word_1_787' title='bbox 1354 5504 1405 5566; x_wconf 92' lang='lat' dir='ltr'><strong>si</strong></span> <span class='ocrx_word' id='word_1_788' title='bbox 1433 5522 1631 5589; x_wconf 84' lang='lat' dir='ltr'><strong>rogas,</strong></span> <span class='ocrx_word' id='word_1_789' title='bbox 1650 5507 1950 5589; x_wconf 85' lang='lat' dir='ltr'><strong>quomodo</strong></span> <span class='ocrx_word' id='word_1_790' title='bbox 1970 5526 2123 5590; x_wconf 87' lang='lat' dir='ltr'><strong>aqua</strong></span> 
     </span>
    </p>
   </div>
   <div class='ocr_carea' id='block_1_105' title="bbox 468 5590 2167 5678">
    <p class='ocr_par' dir='ltr' id='par_1_105' title="bbox 468 5590 2167 5678">
     <span class='ocr_line' id='line_1_105' title="bbox 468 5590 2167 5678; baseline 0.005 -26"><span class='ocrx_word' id='word_1_791' title='bbox 468 5592 1374 5673; x_wconf 72' lang='lat' dir='ltr'><strong>potestgenerareYinterrogabo</strong></span> <span class='ocrx_word' id='word_1_792' title='bbox 1390 5601 1447 5656; x_wconf 94' lang='lat' dir='ltr'><strong>et</strong></span> <span class='ocrx_word' id='word_1_793' title='bbox 1461 5596 1902 5678; x_wconf 87' lang='lat' dir='ltr'><strong>ego,quomodo</strong></span> <span class='ocrx_word' id='word_1_794' title='bbox 1916 5614 2119 5660; x_wconf 89' lang='lat' dir='ltr'><strong>semen</strong></span> <span class='ocrx_word' id='word_1_795' title='bbox 2162 5590 2167 5595; x_wconf 63' lang='grc'><em>’</em></span> 
     </span>
    </p>
   </div>
   <div class='ocr_carea' id='block_1_106' title="bbox 471 5679 2118 5773">
    <p class='ocr_par' dir='ltr' id='par_1_106' title="bbox 471 5679 2118 5773">
     <span class='ocr_line' id='line_1_106' title="bbox 471 5679 2118 5773; baseline 0.004 -32"><span class='ocrx_word' id='word_1_796' title='bbox 471 5685 531 5741; x_wconf 87' lang='lat' dir='ltr'><strong>et</strong></span> <span class='ocrx_word' id='word_1_797' title='bbox 558 5679 751 5759; x_wconf 81' lang='lat' dir='ltr'><strong>ipsum</strong></span> <span class='ocrx_word' id='word_1_798' title='bbox 801 5697 1089 5762; x_wconf 83' lang='lat' dir='ltr'><strong>aquosum</strong></span> <span class='ocrx_word' id='word_1_799' title='bbox 1143 5682 1462 5759; x_wconf 82' lang='lat' dir='ltr'><strong>exsistens,</strong></span> <span class='ocrx_word' id='word_1_800' title='bbox 1494 5691 1689 5773; x_wconf 85' lang='lat' dir='ltr'><strong>potest</strong></span> <span class='ocrx_word' id='word_1_801' title='bbox 1718 5684 1779 5746; x_wconf 90' lang='lat' dir='ltr'><strong>in</strong></span> <span class='ocrx_word' id='word_1_802' title='bbox 1812 5683 2118 5763; x_wconf 80' lang='lat' dir='ltr'><strong>hominem</strong></span> 
     </span>
    </p>
   </div>
   <div class='ocr_carea' id='block_1_107' title="bbox 2198 4515 3840 4597">
    <p class='ocr_par' dir='ltr' id='par_1_107' title="bbox 2198 4515 3840 4597">
     <span class='ocr_line' id='line_1_107' title="bbox 2198 4515 3840 4597; baseline -0.001 -23"><span class='ocrx_word' id='word_1_803' title='bbox 2198 4518 2365 4597; x_wconf 84' lang='grc' dir='ltr'>γέρων</span> <span class='ocrx_word' id='word_1_804' title='bbox 2417 4518 2491 4574; x_wconf 82' lang='grc' dir='ltr'>ὢν</span> <span class='ocrx_word' id='word_1_805' title='bbox 2534 4516 2771 4595; x_wconf 88' lang='grc' dir='ltr'>δεύτερον</span> <span class='ocrx_word' id='word_1_806' title='bbox 2800 4515 3055 4574; x_wconf 80' lang='grc' dir='ltr'>εἷσελθεῖν</span> <span class='ocrx_word' id='word_1_807' title='bbox 3088 4520 3159 4583; x_wconf 80' lang='grc' dir='ltr'><strong>είς</strong></span> <span class='ocrx_word' id='word_1_808' title='bbox 3191 4541 3288 4587; x_wconf 76' lang='grc' dir='ltr'><strong>την</strong></span> <span class='ocrx_word' id='word_1_809' title='bbox 3340 4518 3546 4575; x_wconf 82' lang='grc' dir='ltr'>κοιλίαν</span> <span class='ocrx_word' id='word_1_810' title='bbox 3576 4520 3673 4584; x_wconf 83' lang='grc' dir='ltr'><strong>τῆς</strong></span> <span class='ocrx_word' id='word_1_811' title='bbox 3727 4539 3840 4591; x_wconf 86' lang='grc' dir='ltr'>μη-</span> 
     </span>
    </p>
   </div>
   <div class='ocr_carea' id='block_1_108' title="bbox 2198 4606 3844 4688">
    <p class='ocr_par' dir='ltr' id='par_1_108' title="bbox 2198 4606 3844 4688">
     <span class='ocr_line' id='line_1_108' title="bbox 2198 4606 3844 4688; baseline -0.002 -24"><span class='ocrx_word' id='word_1_812' title='bbox 2198 4609 2319 4688; x_wconf 86' lang='grc' dir='ltr'>τρὸς</span> <span class='ocrx_word' id='word_1_813' title='bbox 2362 4606 2566 4679; x_wconf 72' lang='grc' dir='ltr'>αῦτοῦς</span> <span class='ocrx_word' id='word_1_814' title='bbox 2630 4606 2732 4663; x_wconf 89' lang='grc' dir='ltr'>Δύο</span> <span class='ocrx_word' id='word_1_815' title='bbox 2785 4607 2883 4685; x_wconf 85' lang='grc' dir='ltr'>γὰρ</span> <span class='ocrx_word' id='word_1_816' title='bbox 2926 4608 3061 4673; x_wconf 78' lang='grc' dir='ltr'>ἦσαν</span> <span class='ocrx_word' id='word_1_817' title='bbox 3119 4609 3183 4663; x_wconf 74' lang='grc' dir='ltr'>τὰ</span> <span class='ocrx_word' id='word_1_818' title='bbox 3240 4616 3490 4665; x_wconf 81' lang='grc' dir='ltr'>ποιοῦντα</span> <span class='ocrx_word' id='word_1_819' title='bbox 3524 4610 3678 4666; x_wconf 76' lang='grc' dir='ltr'>αὐτὸν</span> <span class='ocrx_word' id='word_1_820' title='bbox 3709 4606 3844 4661; x_wconf 80' lang='grc' dir='ltr'>ἀπο-</span> 
     </span>
    </p>
   </div>
   <div class='ocr_carea' id='block_1_109' title="bbox 2198 4694 3854 4777">
    <p class='ocr_par' dir='ltr' id='par_1_109' title="bbox 2198 4694 3854 4777">
     <span class='ocr_line' id='line_1_109' title="bbox 2198 4694 3854 4777; baseline -0.003 -24"><span class='ocrx_word' id='word_1_821' title='bbox 2198 4696 2335 4776; x_wconf 84' lang='grc' dir='ltr'>ρεῖν,</span> <span class='ocrx_word' id='word_1_822' title='bbox 2398 4695 2433 4764; x_wconf 76' lang='grc' dir='ltr'>ἤ</span> <span class='ocrx_word' id='word_1_823' title='bbox 2486 4717 2542 4753; x_wconf 83' lang='grc' dir='ltr'><strong>τε</strong></span> <span class='ocrx_word' id='word_1_824' title='bbox 2595 4697 2838 4773; x_wconf 86' lang='grc' dir='ltr'>γέννησις</span> <span class='ocrx_word' id='word_1_825' title='bbox 2889 4698 2923 4763; x_wconf 70' lang='grc' dir='ltr'>ἡ</span> <span class='ocrx_word' id='word_1_826' title='bbox 2978 4700 3337 4774; x_wconf 73' lang='grc' dir='ltr'>πνευματικὴ,</span> <span class='ocrx_word' id='word_1_827' title='bbox 3399 4701 3433 4766; x_wconf 76' lang='grc' dir='ltr'><strong>ἢ</strong></span> <span class='ocrx_word' id='word_1_828' title='bbox 3500 4719 3551 4753; x_wconf 88' lang='grc' dir='ltr'><strong>τε</strong></span> <span class='ocrx_word' id='word_1_829' title='bbox 3582 4694 3854 4777; x_wconf 66' lang='grc' dir='ltr'>βασιλεία,</span> 
     </span>
    </p>
   </div>
   <div class='ocr_carea' id='block_1_110' title="bbox 2203 4783 3849 4866">
    <p class='ocr_par' dir='ltr' id='par_1_110' title="bbox 2203 4783 3849 4866">
     <span class='ocr_line' id='line_1_110' title="bbox 2203 4783 3849 4866; baseline -0.004 -21"><span class='ocrx_word' id='word_1_830' title='bbox 2203 4785 2330 4845; x_wconf 78' lang='grc' dir='ltr'>Ούδὲ</span> <span class='ocrx_word' id='word_1_831' title='bbox 2387 4786 2485 4865; x_wconf 80' lang='grc' dir='ltr'>γὰρ</span> <span class='ocrx_word' id='word_1_832' title='bbox 2540 4783 2708 4859; x_wconf 77' lang='grc' dir='ltr'>ὄνομα</span> <span class='ocrx_word' id='word_1_833' title='bbox 2779 4785 3047 4862; x_wconf 83' lang='grc' dir='ltr'>βασιλείας</span> <span class='ocrx_word' id='word_1_834' title='bbox 3124 4790 3355 4866; x_wconf 66' lang='grc' dir='ltr'>οὐρανῶν</span> <span class='ocrx_word' id='word_1_835' title='bbox 3431 4788 3662 4852; x_wconf 75' lang='grc' dir='ltr'>ἠκούσθη</span> <span class='ocrx_word' id='word_1_836' title='bbox 3722 4784 3849 4840; x_wconf 76' lang='grc' dir='ltr'>ποτὶ</span> 
     </span>
    </p>
   </div>
   <div class='ocr_carea' id='block_1_111' title="bbox 2202 4872 3847 4956">
    <p class='ocr_par' dir='ltr' id='par_1_111' title="bbox 2202 4872 3847 4956">
     <span class='ocr_line' id='line_1_111' title="bbox 2202 4872 3847 4956; baseline -0.002 -23"><span class='ocrx_word' id='word_1_837' title='bbox 2202 4877 2344 4956; x_wconf 82' lang='grc' dir='ltr'>παρὰ</span> <span class='ocrx_word' id='word_1_838' title='bbox 2404 4872 2696 4939; x_wconf 85' lang='grc' dir='ltr'>Ἰουδαίοις,</span> <span class='ocrx_word' id='word_1_839' title='bbox 2758 4875 2902 4938; x_wconf 85' lang='grc' dir='ltr'>Τέως</span> <span class='ocrx_word' id='word_1_840' title='bbox 2972 4874 3015 4932; x_wconf 83' lang='grc' dir='ltr'>δ’</span> <span class='ocrx_word' id='word_1_841' title='bbox 3079 4877 3165 4933; x_wconf 78' lang='grc' dir='ltr'><strong>οὖν</strong></span> <span class='ocrx_word' id='word_1_842' title='bbox 3222 4880 3338 4956; x_wconf 85' lang='grc' dir='ltr'>περὶ</span> <span class='ocrx_word' id='word_1_843' title='bbox 3397 4881 3495 4945; x_wconf 87' lang='grc' dir='ltr'><strong>τῆς</strong></span> <span class='ocrx_word' id='word_1_844' title='bbox 3554 4876 3847 4953; x_wconf 77' lang='grc' dir='ltr'>γεννήσεως</span> 
     </span>
    </p>
   </div>
   <div class='ocr_carea' id='block_1_112' title="bbox 2204 4962 3851 5045">
    <p class='ocr_par' dir='ltr' id='par_1_112' title="bbox 2204 4962 3851 5045">
     <span class='ocr_line' id='line_1_112' title="bbox 2204 4962 3851 5045; baseline -0.004 -23"><span class='ocrx_word' id='word_1_845' title='bbox 2204 4966 2420 5043; x_wconf 82' lang='grc' dir='ltr'>ἀπορεῖ,</span> <span class='ocrx_word' id='word_1_846' title='bbox 2484 4962 2562 5021; x_wconf 78' lang='grc' dir='ltr'>διὸ</span> <span class='ocrx_word' id='word_1_847' title='bbox 2644 4965 2732 5020; x_wconf 84' lang='grc' dir='ltr'><strong>καὶ</strong></span> <span class='ocrx_word' id='word_1_848' title='bbox 2791 4967 2817 5020; x_wconf 86' lang='grc' dir='ltr'><strong>ὁ</strong></span> <span class='ocrx_word' id='word_1_849' title='bbox 2881 4968 3103 5044; x_wconf 74' lang='grc' dir='ltr'>Χριστὸς</span> <span class='ocrx_word' id='word_1_850' title='bbox 3178 4967 3495 5045; x_wconf 75' lang='grc' dir='ltr'>σαφέστερον</span> <span class='ocrx_word' id='word_1_851' title='bbox 3570 4966 3709 5038; x_wconf 79' lang='grc' dir='ltr'>αῦτῴ</span> <span class='ocrx_word' id='word_1_852' title='bbox 3764 4964 3851 5018; x_wconf 67' lang='grc' dir='ltr'><strong>τὸν</strong></span> 
     </span>
    </p>
   </div>
   <div class='ocr_carea' id='block_1_113' title="bbox 2204 5050 3853 5134">
    <p class='ocr_par' dir='ltr' id='par_1_113' title="bbox 2204 5050 3853 5134">
     <span class='ocr_line' id='line_1_113' title="bbox 2204 5050 3853 5134; baseline -0.003 -23"><span class='ocrx_word' id='word_1_853' title='bbox 2204 5060 2301 5123; x_wconf 90' lang='grc' dir='ltr'><strong>τῆς</strong></span> <span class='ocrx_word' id='word_1_854' title='bbox 2373 5054 2670 5131; x_wconf 86' lang='grc' dir='ltr'>γεννήσεως</span> <span class='ocrx_word' id='word_1_855' title='bbox 2726 5059 2823 5120; x_wconf 80' lang='grc' dir='ltr'><strong>τῆς</strong></span> <span class='ocrx_word' id='word_1_856' title='bbox 2920 5056 3279 5132; x_wconf 77' lang='grc' dir='ltr'>πνευματικῆς</span> <span class='ocrx_word' id='word_1_857' title='bbox 3337 5055 3534 5134; x_wconf 87' lang='grc' dir='ltr'>τρόπον</span> <span class='ocrx_word' id='word_1_858' title='bbox 3565 5050 3853 5122; x_wconf 56' lang='grc' dir='ltr'>,ἀποκαλύ-</span> 
     </span>
    </p>
   </div>
   <div class='ocr_carea' id='block_1_114' title="bbox 2207 5141 3857 5224">
    <p class='ocr_par' dir='ltr' id='par_1_114' title="bbox 2207 5141 3857 5224">
     <span class='ocr_line' id='line_1_114' title="bbox 2207 5141 3857 5224; baseline -0.003 -23"><span class='ocrx_word' id='word_1_859' title='bbox 2207 5165 2347 5218; x_wconf 87' lang='grc' dir='ltr'>πτει,</span> <span class='ocrx_word' id='word_1_860' title='bbox 2390 5166 2417 5197; x_wconf 73' lang='grc' dir='ltr'><strong>α</strong></span> <span class='ocrx_word' id='word_1_861' title='bbox 2463 5141 2590 5199; x_wconf 82' lang='grc' dir='ltr'>Ἐὰν</span> <span class='ocrx_word' id='word_1_862' title='bbox 2621 5143 2697 5215; x_wconf 71' lang='grc' dir='ltr'>μή</span> <span class='ocrx_word' id='word_1_863' title='bbox 2753 5163 2832 5206; x_wconf 88' lang='grc' dir='ltr'><strong>τις</strong></span> <span class='ocrx_word' id='word_1_864' title='bbox 2885 5148 3115 5223; x_wconf 83' lang='grc' dir='ltr'>γεννηθῇ</span> <span class='ocrx_word' id='word_1_865' title='bbox 3173 5144 3222 5211; x_wconf 79' lang='grc' dir='ltr'><strong>ἐξ</strong></span> <span class='ocrx_word' id='word_1_866' title='bbox 3282 5144 3493 5224; x_wconf 74' lang='grc' dir='ltr'>ὕδατος,</span> <span class='ocrx_word' id='word_1_867' title='bbox 3545 5143 3739 5222; x_wconf 87' lang='grc' dir='ltr'>λέγων,</span> <span class='ocrx_word' id='word_1_868' title='bbox 3770 5144 3857 5197; x_wconf 86' lang='grc' dir='ltr'><strong>καὶ</strong></span> 
     </span>
    </p>
   </div>
   <div class='ocr_carea' id='block_1_115' title="bbox 2208 5231 3857 5315">
    <p class='ocr_par' dir='ltr' id='par_1_115' title="bbox 2208 5231 3857 5315">
     <span class='ocr_line' id='line_1_115' title="bbox 2208 5231 3857 5315; baseline 0.001 -25"><span class='ocrx_word' id='word_1_869' title='bbox 2208 5234 2539 5305; x_wconf 84' lang='grc' dir='ltr'>Πνεύματος,</span> <span class='ocrx_word' id='word_1_870' title='bbox 2580 5255 2607 5287; x_wconf 70' lang='grc' dir='ltr'><strong>ι</strong></span> <span class='ocrx_word' id='word_1_871' title='bbox 2647 5231 2876 5297; x_wconf 76' lang='grc' dir='ltr'>Διπλοῦς</span> <span class='ocrx_word' id='word_1_872' title='bbox 2923 5234 3023 5312; x_wconf 76' lang='grc' dir='ltr'>γὰρ</span> <span class='ocrx_word' id='word_1_873' title='bbox 3053 5257 3126 5311; x_wconf 57' lang='grc' dir='ltr'>(ειν</span> <span class='ocrx_word' id='word_1_874' title='bbox 3160 5238 3187 5291; x_wconf 82' lang='lat'><strong>6</strong></span> <span class='ocrx_word' id='word_1_875' title='bbox 3220 5233 3515 5315; x_wconf 75' lang='grc' dir='ltr'>ἅνθρωπος,</span> <span class='ocrx_word' id='word_1_876' title='bbox 3561 5237 3621 5289; x_wconf 80' lang='grc' dir='ltr'><strong>ἐκ</strong></span> <span class='ocrx_word' id='word_1_877' title='bbox 3673 5236 3857 5309; x_wconf 75' lang='grc' dir='ltr'>ψυχῆς</span> 
     </span>
    </p>
   </div>
   <div class='ocr_carea' id='block_1_116' title="bbox 2207 5319 3856 5404">
    <p class='ocr_par' dir='ltr' id='par_1_116' title="bbox 2207 5319 3856 5404">
     <span class='ocr_line' id='line_1_116' title="bbox 2207 5319 3856 5404; baseline 0 -22"><span class='ocrx_word' id='word_1_878' title='bbox 2207 5324 2295 5382; x_wconf 81' lang='grc' dir='ltr'><strong>καὶ</strong></span> <span class='ocrx_word' id='word_1_879' title='bbox 2353 5321 2624 5397; x_wconf 82' lang='grc' dir='ltr'>σώματος,</span> <span class='ocrx_word' id='word_1_880' title='bbox 2683 5319 2899 5379; x_wconf 84' lang='grc' dir='ltr'>διπλοῦν</span> <span class='ocrx_word' id='word_1_881' title='bbox 2967 5324 3080 5404; x_wconf 74' lang='grc' dir='ltr'>ἔχει</span> <span class='ocrx_word' id='word_1_882' title='bbox 3134 5327 3221 5383; x_wconf 85' lang='grc' dir='ltr'><strong>καὶ</strong></span> <span class='ocrx_word' id='word_1_883' title='bbox 3275 5327 3364 5381; x_wconf 81' lang='grc' dir='ltr'>τὸν</span> <span class='ocrx_word' id='word_1_884' title='bbox 3422 5330 3521 5391; x_wconf 83' lang='grc' dir='ltr'><strong>τῆς</strong></span> <span class='ocrx_word' id='word_1_885' title='bbox 3562 5322 3856 5401; x_wconf 72' lang='grc' dir='ltr'>γεννήσεως</span> 
     </span>
    </p>
   </div>
   <div class='ocr_carea' id='block_1_117' title="bbox 2209 5410 3855 5492">
    <p class='ocr_par' dir='ltr' id='par_1_117' title="bbox 2209 5410 3855 5492">
     <span class='ocr_line' id='line_1_117' title="bbox 2209 5410 3855 5492; baseline -0.014 -7"><span class='ocrx_word' id='word_1_886' title='bbox 2209 5414 2427 5490; x_wconf 77' lang='grc' dir='ltr'>τρόπον.</span> <span class='ocrx_word' id='word_1_887' title='bbox 2488 5412 2558 5468; x_wconf 78' lang='grc' dir='ltr'><strong>Τδ</strong></span> <span class='ocrx_word' id='word_1_888' title='bbox 2601 5410 2701 5485; x_wconf 78' lang='grc' dir='ltr'><strong>μὲν</strong></span> <span class='ocrx_word' id='word_1_889' title='bbox 2745 5411 2844 5489; x_wconf 75' lang='grc' dir='ltr'><strong>γὰρ</strong></span> <span class='ocrx_word' id='word_1_890' title='bbox 2886 5410 3020 5492; x_wconf 76' lang='grc' dir='ltr'>ὕδωρ</span> <span class='ocrx_word' id='word_1_891' title='bbox 3064 5416 3266 5492; x_wconf 84' lang='grc' dir='ltr'>ὁρατῶς</span> <span class='ocrx_word' id='word_1_892' title='bbox 3325 5412 3750 5490; x_wconf 79' lang='grc' dir='ltr'>λαμϐανόμενον,</span> <span class='ocrx_word' id='word_1_893' title='bbox 3784 5410 3855 5474; x_wconf 75' lang='grc' dir='ltr'>εἷς</span> 
     </span>
    </p>
   </div>
   <div class='ocr_carea' id='block_1_118' title="bbox 2205 5500 3852 5580">
    <p class='ocr_par' dir='ltr' id='par_1_118' title="bbox 2205 5500 3852 5580">
     <span class='ocr_line' id='line_1_118' title="bbox 2205 5500 3852 5580; baseline 0.002 -22"><span class='ocrx_word' id='word_1_894' title='bbox 2205 5505 2304 5573; x_wconf 76' lang='grc' dir='ltr'>τὴν</span> <span class='ocrx_word' id='word_1_895' title='bbox 2360 5509 2451 5559; x_wconf 91' lang='grc' dir='ltr'><strong>τοῦ</strong></span> <span class='ocrx_word' id='word_1_896' title='bbox 2511 5501 2757 5575; x_wconf 77' lang='grc' dir='ltr'>σώματος</span> <span class='ocrx_word' id='word_1_897' title='bbox 2806 5501 3054 5580; x_wconf 67' lang='grc' dir='ltr'>κάθαρσιν</span> <span class='ocrx_word' id='word_1_898' title='bbox 3122 5518 3379 5561; x_wconf 87' lang='grc' dir='ltr'>νοεῖται·</span> <span class='ocrx_word' id='word_1_899' title='bbox 3430 5506 3491 5561; x_wconf 81' lang='grc' dir='ltr'>τὸ</span> <span class='ocrx_word' id='word_1_900' title='bbox 3534 5500 3588 5557; x_wconf 70' lang='grc' dir='ltr'><strong>δὲ</strong></span> <span class='ocrx_word' id='word_1_901' title='bbox 3646 5504 3852 5573; x_wconf 68' lang='grc' dir='ltr'>Πνεῦμα</span> 
     </span>
    </p>
   </div>
   <div class='ocr_carea' id='block_1_119' title="bbox 2204 5590 3855 5674">
    <p class='ocr_par' dir='ltr' id='par_1_119' title="bbox 2204 5590 3855 5674">
     <span class='ocr_line' id='line_1_119' title="bbox 2204 5590 3855 5674; baseline 0.002 -26"><span class='ocrx_word' id='word_1_902' title='bbox 2204 5593 2445 5674; x_wconf 75' lang='grc' dir='ltr'>ᾇᾳράτως</span> <span class='ocrx_word' id='word_1_903' title='bbox 2506 5590 2818 5669; x_wconf 84' lang='grc' dir='ltr'>συντρέχον,</span> <span class='ocrx_word' id='word_1_904' title='bbox 2899 5594 2970 5658; x_wconf 80' lang='grc' dir='ltr'><strong>είς</strong></span> <span class='ocrx_word' id='word_1_905' title='bbox 3026 5594 3124 5662; x_wconf 74' lang='grc' dir='ltr'>τὴν</span> <span class='ocrx_word' id='word_1_906' title='bbox 3204 5594 3296 5663; x_wconf 80' lang='grc' dir='ltr'><strong>τῆς</strong></span> <span class='ocrx_word' id='word_1_907' title='bbox 3369 5595 3591 5673; x_wconf 76' lang='grc' dir='ltr'>ἀοράτου</span> <span class='ocrx_word' id='word_1_908' title='bbox 3672 5592 3855 5667; x_wconf 73' lang='grc' dir='ltr'>ψυχῆς</span> 
     </span>
    </p>
   </div>
   <div class='ocr_carea' id='block_1_120' title="bbox 2205 5676 3850 5765">
    <p class='ocr_par' dir='ltr' id='par_1_120' title="bbox 2205 5676 3850 5765">
     <span class='ocr_line' id='line_1_120' title="bbox 2205 5676 3850 5765; baseline -0.005 -25"><span class='ocrx_word' id='word_1_909' title='bbox 2205 5681 2603 5765; x_wconf 20' lang='grc' dir='ltr'>ἆναγέννησινεέ</span> <span class='ocrx_word' id='word_1_910' title='bbox 2638 5680 2691 5735; x_wconf 72' lang='lat' dir='ltr'><strong>Ei</strong></span> <span class='ocrx_word' id='word_1_911' title='bbox 2750 5677 2802 5749; x_wconf 64' lang='grc' dir='ltr'>δὲ</span> <span class='ocrx_word' id='word_1_912' title='bbox 2848 5680 3087 5762; x_wconf 77' lang='grc' dir='ltr'>ἐρωτᾷς·</span> <span class='ocrx_word' id='word_1_913' title='bbox 3158 5689 3276 5765; x_wconf 80' lang='grc' dir='ltr'>Πῷς</span> <span class='ocrx_word' id='word_1_914' title='bbox 3328 5686 3391 5750; x_wconf 70' lang='grc' dir='ltr'><strong>τὸ⁵</strong></span> <span class='ocrx_word' id='word_1_915' title='bbox 3443 5682 3578 5759; x_wconf 73' lang='grc' dir='ltr'>ὕδωρ</span> <span class='ocrx_word' id='word_1_916' title='bbox 3639 5676 3850 5736; x_wconf 85' lang='grc' dir='ltr'>δύναται</span> 
     </span>
    </p>
   </div>
  </div>
