4060 6294
153 399 351 474 1205
943 413 1386 480 ENARRATIO
1430 411 1512 476 IN
1566 394 2074 475 EVANGELIUM
2119 414 2461 478 JOANNIS.
2504 449 2578 460 —
2623 405 2787 478 CAP.
2817 415 2926 477 III.
3468 413 3622 479 nos

147 550 504 622 γεννῆσαι,
589 549 840 626 ἐρωτήσω
896 547 1048 626 κάγώ
1082 569 1096 583 ·
1158 551 1275 614 ne;
1333 550 1392 605 τὸ
1475 545 1709 628 σπέρμα,
1753 545 1881 604 ὑδα-

1969 546 2407 609 transl‘ormari?
2438 547 2620 626 Igitur
2649 546 2801 609 sicut
2836 547 2898 608 in
2928 546 3218 626 corporali
3267 539 3498 608 semine
3533 555 3619 608 to-

151 631 361 698 τῶδες
441 638 522 693 ὃν
579 639 666 694 καὶ
710 640 857 711 αὐτὸ,
920 637 1128 695 δύναται
1186 641 1258 703 εἷς
1325 635 1595 717 ἄνθρωπον
1656 635 1884 694 διαπλα-

1971 643 2091 696 tum
2117 645 2202 697 est
2227 637 2431 715 gratia;
2479 636 2712 709 divinaa,
2748 636 2828 696 ita
2859 643 2918 698 et
2965 636 3025 697 in
3057 635 3413 717 baptismate
3466 654 3618 717 aqua

151 724 390 790 σθῆναι
436 747 457 798 ς
510 716 730 794 ’Ὠσπερ
773 727 858 784 οῦν
914 727 998 783 ἐπὶ
1053 735 1146 785 τοῦ
1209 730 1512 803 σωματικοῦ
1555 725 1882 804 σπέρματος,

1969 724 2202 786 subdita
2231 734 2342 799 est,
2377 737 2435 787 et
2467 726 2719 805 Spiritus
2750 726 2948 787 omnia
2981 716 3354 805 operatur,et
3382 716 3621 787 invoca-

151 811 230 865 τὸ
305 819 471 886 πᾶν,
530 821 627 882 τῆς
671 824 763 874 τοῦ
807 817 938 873 Θεοῦ
996 817 1218 896 χάριτός
1274 816 1412 873 ἐστιν
1449 836 1462 849 ·
1500 815 1637 872 οῧτω
1682 817 1769 871 καὶ
1801 814 1886 871 ἐπὶ

156 901 274 956 τοῦ
348 905 775 986 βαπτίσματος,
820 904 955 984 ὕδωρ
1001 905 1298 968 ὑπόκειται,
1343 904 1513 963 Ἀλλὰ
1569 907 1630 962 τὸ
1675 911 1886 978 Πνεῦμα

159 990 244 1044 τὰ
319 995 535 1051 ⁴πάντα
593 995 819 1073 ἐνεργεῖ,
864 998 950 1052 καὶ
993 998 1026 1063 ἡ
1070 993 1153 1050 διὰ
1196 1002 1301 1053 τῶν
1347 996 1523 1075 εῦχῶν
1573 993 1878 1066 ἐπίκλησις,

162 1085 278 1134 τοῦ
353 1090 513 1140 Θεοῦ
573 1083 626 1140 δὲ
685 1083 887 1160 μᾶλλον
943 1087 1219 1163 παρουσία,
1274 1085 1456 1164 Ταφῆς
1502 1086 1601 1163 γὰρ
1631 1085 1717 1140 καὶ
1761 1083 1883 1138 ἀνα-

166 1169 468 1236 στάσεως
507 1172 743 1248 σύμϐολα
788 1176 874 1230 καὶ
933 1176 1087 1230 εἰκὼν
1145 1174 1199 1229 ἐν
1241 1180 1318 1247 τῷ
1364 1171 1518 1230 ὕδατι
1576 1173 1747 1244 τούτῳ
1787 1193 1878 1227 τε-

1969 1170 2160 1249 gidior
2180 1179 2238 1231 et
2267 1170 2508 1244 clarior,
2530 1170 2994 1251 incorruptionis
3017 1171 3219 1231 ferens
3245 1169 3610 1246 indumenta,

175 1253 424 1316 λεῖται.
486 1265 547 1319 Αἱ
606 1277 752 1339 τρεῖς
812 1261 1146 1343 καταδύσεις,
1206 1269 1305 1330 τῆς
1366 1263 1652 1341 τριημέρου
1707 1267 1880 1341 ταφῆς

1969 1259 2065 1340 qui
2096 1260 2154 1320 in
2187 1277 2336 1340 aqua
2368 1259 2823 1339 corruptionem
2856 1258 3202 1321 summersit

173 1347 470 1421 σύμϐολα
506 1369 518 1382 ⁸
556 1357 675 1408 εἷτα
707 1351 942 1410 ἀναδύνει
974 1356 1002 1409 6
1033 1352 1293 1432 ἄνθρωοος
1323 1352 1500 1430 ὥσπερ
1560 1355 1587 1408 6
1647 1352 1864 1430 Κύριος,
1911 1349 2274 1428 λαμπρότερον
2328 1352 2414 1406 καὶ
2459 1347 2796 1429 φαιδρότερον
2847 1351 2906 1405 τὸ
2951 1354 3048 1415 τῆς
3105 1348 3393 1429 ἆιρθαρσιας
3423 1347 3614 1424 ἔνδυμα

179 1443 429 1520 φορῶν,
467 1443 553 1499 καὶ
583 1442 679 1509 τὴν
711 1443 902 1521 φθορὰν
930 1440 1346 1520 ’ἐγκαταϐυθίσας
1378 1449 1454 1516 τῷ
1497 1439 1667 1498 ὕδατι.

297 1549 325 1581 α
371 1533 457 1588 Τὸ
513 1532 898 1609 γεγεννημένον
947 1531 1002 1586 ἐγ
1056 1533 1149 1599 τῆς
1181 1534 1399 1611 σαρκὸς,
1440 1529 1564 1609 σάρξ
1595 1529 1704 1587 ἔστι
1731 1545 1745 1559 ⁸
1797 1531 1883 1584 καὶ

2049 1527 2231 1592 Vens.
2262 1529 2398 1593 6-8.
2440 1529 2637 1602 «Quod
2665 1537 2861 1590 natum
2893 1535 2980 1589 est
3010 1528 3067 1588 in
3093 1545 3295 1607 carne,
3329 1546 3469 1590 caro
3502 1544 3612 1591 est:

188 1616 261 1669 τὸ
330 1620 739 1696 γεγεννημένον
827 1620 887 1676 ἐκ
943 1627 1035 1676 τοῦ
1117 1621 1442 1700 Πνεύματος,
1488 1621 1693 1694 πνεῦμά
1745 1618 1878 1679 ἔστι.

1969 1624 2024 1678 et
2051 1617 2206 1698 quod
2259 1626 2458 1679 natum
2491 1625 2580 1679 est
2611 1636 2682 1680 ex
2713 1616 2958 1696 Spiritu,
3005 1615 3250 1696 spiritus
3276 1619 3482 1679 est.Ne
3504 1616 3614 1679 ad-

192 1705 295 1772 Μὴ
356 1710 676 1786 Θαυμάσης,
714 1708 795 1766 ὅτι
864 1709 1020 1766 εἶπόν
1076 1733 1180 1780 σοι,
1243 1708 1322 1765 ὅτι
1365 1707 1448 1764 δεῖ
1506 1713 1638 1784 ὑμᾶς
1683 1729 1880 1785 γεννη-

1969 1706 2201 1768 mireris
2232 1707 2389 1788 quod
2423 1706 2565 1786 dixi,
2617 1705 2865 1786 Oportet
2886 1723 2985 1765 vos
3034 1705 3196 1766 nasci
3237 1724 3270 1766 e
3313 1706 3612 1785 supernis.

187 1791 374 1858 θῆναι
433 1795 652 1856 ἄνωθεν.
700 1800 771 1855 Τὸ
810 1805 1015 1872 πνεῦμα
1059 1797 1192 1855 ὅπου
1233 1797 1396 1875 θέλει,
1443 1810 1592 1870 πνεῖ,
1643 1796 1739 1854 καὶ
1783 1798 1882 1863 τὴν

1969 1794 2225 1876 Spiritus
2247 1797 2348 1858 ubi
2378 1796 2504 1858 vult
2535 1799 2739 1877 spirat,
2777 1805 2834 1858 et
2865 1812 3071 1858 vocem
3106 1796 3234 1874 ejus
3282 1794 3473 1874 audis,
3507 1796 3613 1857 sed

189 1883 403 1955 φωνὴν
440 1887 596 1941 αὑτοῦ
645 1887 876 1957 ἀκούεις,
932 1886 1051 1942 ἀλλ’
1095 1887 1190 1943 οῦκ
1242 1885 1394 1951 οἶδας
1446 1888 1602 1942 πόθεν
1633 1887 1873 1966 ἔρχεται,

1969 1886 2160 1946 nescis
2190 1886 2343 1947 uude
2365 1885 2584 1959 veniat,
2617 1894 2677 1946 et
2707 1905 2822 1966 quo
2854 1882 3150 1946 vadat.Sic
3181 1893 3271 1945 est
3299 1883 3491 1946 omnis
3510 1886 3611 1966 qui

194 1971 294 2025 καὶ
365 1983 478 2032 ποῦ
519 1975 728 2054 ὕπαγει,
765 1975 943 2041 Οῧτως
977 1976 1087 2032 ἐστι
1143 1983 1248 2041 πᾶς
1306 1977 1333 2032 ὃ
1378 1976 1762 2055 γεγεννημένος
1818 1979 1878 2032 εκ

1969 1983 2132 2036 natus
2163 1984 2253 2036 est
2284 1994 2352 2037 ex
2381 1975 2664 2056 Spiritu.»
2703 1975 3025 2037 Abducens
3049 1973 3336 2037 Dominus
3366 1973 3614 2035 Nicode-

199 2069 304 2118 τοῦ
367 2065 704 2140 Πνεύματος,
766 2090 788 2121 ι
856 2065 1106 2144 Ἀπάγων
1154 2067 1245 2122 τὸν
1295 2064 1597 2141 Νικόδημον
1631 2068 1658 2122 6
1692 2067 1877 2144 Κύριος

1969 2082 2124 2124 mum
2148 2083 2181 2124 a
2209 2064 2427 2126 carnali
2460 2064 2781 2138 nativitate,
2812 2063 2996 2125 dicit:
3040 2087 3064 2117 α
3091 2061 3258 2134 Quod
3291 2070 3492 2124 natum
3526 2071 3614 2125 est

196 2147 320 2206 ἀπὸ
385 2160 486 2222 τῆς
545 2162 801 2234 σαρκικῆς
863 2158 1185 2234 γεννήσεως,
1232 2165 1360 2236 φησί
1394 2175 1406 2188 ·
1463 2180 1486 2210 σ
1526 2158 1596 2213 Τὸ
1626 2177 1877 2234 γεγεννη-

1969 2171 2033 2215 ex
2061 2171 2263 2228 carne,
2299 2172 2439 2214 caro
2471 2162 2587 2230 est;
2623 2162 2682 2215 et
2713 2153 2874 2235 quod
2909 2161 3108 2214 natum
3143 2160 3232 2214 est
3264 2171 3332 2213 ex
3359 2150 3605 2232 Spiritu,

203 2238 385 2307 μένον
415 2244 476 2300 ἐκ
518 2252 614 2312 τῆς
661 2248 874 2324 σαρκὸς,
916 2245 1037 2325 σάρξ
1080 2246 1188 2302 ἐστι
1227 2266 1242 2281 ⁰
1287 2248 1347 2302 τὸ
1391 2245 1445 2301 δὲ
1489 2251 1872 2324 γεγεννημένον

1969 2242 2202 2324 spiritus
2225 2251 2373 2304 est.:
2410 2245 2536 2306 Hoc
2566 2251 2676 2316 est,
2698 2242 3024 2323 spiritualis
3048 2250 3137 2303 est
3165 2242 3472 2321 homo,qui
3500 2260 3607 2304 na-

207 2324 274 2381 ἒκ
325 2341 428 2390 τοῦ
460 2336 787 2415 Πνεύματος,
839 2341 1042 2406 πνεῦμα
1076 2363 1097 2393 ι
1141 2353 1154 2368 ⁸
1215 2335 1471 2408 τουτέστι,
1522 2334 1873 2409 πνευματικός

1969 2343 2050 2395 tus
2078 2340 2168 2394 est
2200 2352 2307 2413 per
2339 2332 2844 2414 baptismum.Per
2867 2331 3141 2412 spiritum
3164 2331 3347 2404 enim,
3369 2333 3612 2410 spiritu-

211 2415 370 2475 ἔστιν
432 2426 459 2478 ὁ
512 2423 784 2503 ἄνθρωπος
837 2427 864 2481 6
935 2423 1320 2503 γεγεννημένος
1381 2423 1464 2480 διὰ
1535 2434 1625 2482 τοῦ
1678 2423 1876 2498 βαπτί-

1969 2423 2111 2485 alem
2142 2422 2474 2501 intelligere
2505 2421 2716 2486 debes.
2737 2423 2948 2501 Neque
2979 2421 3138 2481 enim
3173 2420 3422 2501 spiritus
3452 2421 3612 2485 divi-

211 2528 430 2578 σματος
472 2531 485 2546 ⁸
546 2515 608 2568 τὸ
669 2515 768 2592 γὰρ
840 2523 1067 2588 πνεῦμα,
1143 2516 1256 2569 ἀντὶ
1312 2521 1426 2585 τοῦ,
1500 2515 1875 2588 πνευματικὸς,

1969 2532 2077 2574 nus
2104 2513 2166 2573 ﬁt
2198 2511 2544 2593 baptizatus,
2577 2512 2682 2574 sed
2732 2530 2866 2573 cum
2921 2509 3302 2590 adoptionem
3356 2510 3610 2574 ﬁliorum

1965 2601 2025 2662 iu
2058 2602 2300 2681 Spiritu,
2333 2609 2389 2661 et
2419 2601 2664 2679 gratiam
2690 2615 2750 2662 et
2772 2600 3060 2660 honorem
3095 2601 3447 2678 susceperit,
3483 2602 3609 2681 spi-

1964 2690 2191 2751 ritualis
2222 2708 2352 2750 esse
2388 2699 2669 2754 meretur.
2703 2688 2926 2750 Videns
2974 2695 3169 2749 autem
3218 2687 3606 2752 Nicodemum

1965 2779 2157 2840 adhuc
2213 2778 2568 2859 perturbari,
2601 2779 2742 2840 dicit
2776 2799 2789 2840 :
2831 2801 2853 2833 ιι
2889 2780 2976 2840 Ne
3009 2777 3267 2839 mireris.
3315 2799 3342 2836 ι
3383 2779 3610 2841 Deinde

1968 815 2046 876 tio
2070 834 2176 894 per
2208 834 2439 895 preces,
2475 817 2594 877 imo
2624 815 2727 877 Dei
2759 815 3096 896 praesentia.
3134 813 3410 896 Symbola
3456 814 3615 877 enim

1968 904 2286 981 sepulturae
2317 912 2375 965 et
2395 904 2849 967 resurrectionis
2882 904 2940 964 in
2970 921 3127 984 aqna
3159 903 3258 964 illa
3289 903 3614 983 perﬁciun-

1967 1002 2104 1056 tmr.
2141 992 2289 1054 Tres
2322 993 2652 1055 mersiones
2684 993 2970 1054 triduanze
2999 992 3323 1073 sepulturas
3352 992 3618 1074 symbola

1966 1090 2135 1144 sunt:
2164 1081 2385 1143 deinde
2419 1081 2671 1159 emergit
2701 1081 2902 1161 homo,
2947 1080 3100 1142 sicut
3127 1080 3441 1153 Dominus,
3493 1081 3610 1142 ful-

213 2599 456 2678 ὁφείλεις
488 2609 698 2671 νοῆσαι.
741 2605 811 2663 Οὔ
863 2607 962 2684 γὰρ
1019 2604 1083 2674 δὴ
1147 2605 1355 2679 Πνεῦμα
1406 2609 1551 2662 θεῖον
1595 2606 1794 2682 γίνεται
1856 2607 1882 2660 6

210 2688 553 2772 βαπτισθεὶς,
615 2693 751 2750 ἄλλα
816 2696 913 2762 τὴν
999 2695 1054 2750 ὲν
1141 2696 1406 2771 Πνεύματι
1485 2697 1738 2751 δῖοθεσίαν
1795 2697 1883 2750 καὶ

216 2779 394 2858 χάριν
425 2785 510 2839 καὶ
552 2784 715 2858 τιμὴν
773 2782 970 2857 λαϐὼν,
1030 2792 1122 2841 τοῦ
1173 2785 1528 2860 πνευματικὸς
1586 2783 1729 2840 εἶναι
1759 2804 1882 2838 κατ-

254 2865 277 2886 Ρ
345 2879 367 2888 ν
533 2865 546 2884 ε
641 2877 662 2886 -ι
763 2871 802 2891 an
888 2876 901 2892 κ
1148 2871 1167 2891 \
1629 2870 1658 2890 ρ
1702 2873 1714 2894 r

217 2888 482 2942 αςιουται,
551 2882 698 2949 Ορων
757 2890 811 2928 οῖ
855 2895 943 2930 τον
1006 2874 1310 2947 Νικόδημον
1369 2873 1445 2928 ἔτι
1502 2877 1881 2951 θορυοουμενον

1969 2867 2234 2929 sensibili
2283 2867 2554 2945 exemplo
2607 2867 2828 2928 docere
2882 2883 3016 2926 eum
3068 2874 3286 2925 tentat:
3322 2865 3608 2945 «Spiritus

217 2962 356 3033 φησί
390 2976 403 2990 ⁸
445 2984 474 3014 α
537 2961 624 3027 Μὴ
668 2964 965 3036 θαυμάσῃς.
1009 2985 1035 3016 ι
1094 2966 1229 3019 Εἶτα
1265 2962 1370 3017 ἀπὸ
1427 2963 1676 3026 αἰσθητοῦ
1705 2982 1882 3038 παρα-

1969 2957 2152 3036 enim,
2207 2955 2307 3017 ubi
2350 2957 2491 3023 vult,
2546 2955 2751 3034 spirat.
2791 2980 2814 3010 υ
2844 2955 2891 3016 Α
2941 2963 3138 3032 vento,
3197 2955 3406 3033 inquit,
3443 2955 3610 3018 disce

217 3043 507 3124 δείγματος
568 3057 810 3125 πειρᾶται
869 3048 1128 3106 διδάσκειν
1206 3051 1386 3112 αὒτόν,
1451 3074 1475 3104 «
1540 3051 1611 3108 Τό
1680 3058 1884 3124 πνεῦμα

1970 3048 2214 3123 majora.
2236 3043 2461 3105 Ventus
2482 3045 2662 3112 enim,
2702 3061 2879 3121 quem
2912 3040 3023 3102 hoc
3055 3041 3185 3102 loco
3218 3044 3489 3123 spiritum
3511 3062 3608 3106 vo-

217 3135 346 3213 γὰρ,
381 3140 563 3215 φησὶν,
598 3137 728 3194 ὅπου
773 3137 939 3213 θέλει,
985 3153 1131 3199 πνεῖ.
1196 3162 1219 3192 ιι
1273 3141 1408 3196 Ἀπὸ
1451 3139 1672 3218 ἀνέμου,
1731 3139 1879 3218 φησὶν

1970 3133 2191 3204 cat,ubi
2222 3132 2591 3223 vult,spirat:
2621 3141 2678 3193 et
2700 3150 2913 3223 sonum
2933 3137 3064 3223 ejus
3085 3131 3341 3223 audis,e_t
3373 3132 3611 3223 ignoras

219 3225 452 3310 μάνθανε
511 3228 574 3281 τὰ
657 3228 892 3301 μείζονα.
960 3219 1016 3286 Ὀ
1083 3229 1182 3306 γὰρ
1257 3229 1448 3303 ἄνεμος
1519 3229 1728 3305 (τοῦτον
1787 3231 1884 3310 γὰρ

1972 3234 2166 3286 tamen
2190 3223 2348 3283 unde
2379 3221 2622 3295 feratur;
2649 3221 2853 3301 nequit
2883 3220 3039 3281 enim
3073 3221 3610 3299 comprehendivel

219 3303 443 3373 ἐνταῦθεί
493 3338 622 3395 φησι
697 3316 927 3397 πνεῦμα)
990 3318 1120 3374 ὅπου
1189 3317 1352 3397 θέλει,
1413 3331 1539 3374 πνεῖ
1573 3337 1586 3350 ’
1636 3320 1723 3374 καὶ
1797 3321 1887 3376 τὸν

223 3402 368 3479 ἦχον
426 3406 580 3460 αῦτοῦ
637 3406 872 3485 ἀκούεις,
921 3404 1041 3462 ἀλλ’
1086 3404 1232 3481 ὅμως
1285 3408 1380 3463 οὒκ
1411 3403 1568 3468 οἶδας
1597 3407 1696 3474 τὴν
1726 3409 1887 3487 φορὰν

226 3492 410 3552 αὺτοῦ.
491 3494 808 3556 Ἀκαθεκτος
867 3496 966 3574 γάρ
1041 3495 1175 3570 ἐστι,
1253 3497 1338 3552 καὶ
1416 3494 1718 3575 ἀκώλυτος,
1803 3502 1888 3556 καὶ

224 3592 429 3660 φυσικῇ
466 3582 669 3657 ἐξουσίᾳ
714 3585 810 3650 τὴν
869 3583 1192 3654 ὁποιδήποτε
1251 3587 1426 3662 ὁρμὴν
1485 3587 1626 3664 ἔχει,
1683 3589 1753 3644 T6
1811 3587 1886 3669 δὲ,

230 3697 253 3725 ιι
309 3665 491 3731 ’Ὁπου
522 3673 659 3730 θέλει
707 3688 854 3754 πνεῖ,
924 3699 944 3730 ι
1003 3678 1182 3755 φησὶν,
1247 3679 1342 3755 οὔχ
1417 3679 1487 3741 ὡς
1521 3665 1892 3755 προαιρετικοῦ

225 3761 374 3827 ὄντος
433 3763 524 3819 τοῦ
565 3763 780 3838 ἀνέμου,
823 3766 910 3821 καὶ
943 3764 1156 3831 θέλησιν
1187 3765 1409 3846 ἔχοντος
1429 3814 1445 3839 ,
1477 3763 1597 3821 ἀλλ’
1626 3768 1698 3828 ὡς
1731 3766 1887 3848 ἔφην,

161 3894 164 3898 .
231 3853 325 3919 τὴν
387 3854 491 3909 ἀπὸ
534 3854 737 3932 φύσεως
784 3854 924 3928 αὐτῷ
969 3861 1262 3930 προσοῦσαν
1319 3855 1481 3935 φορὰν
1526 3859 1614 3910 καὶ
1670 3855 1884 3912 ἀκώλυ-

229 3963 316 3996 τον
361 3941 595 4007 ὶξοδσίαν
638 3940 804 4007 δεῖξαι
849 3942 1197 4019 βουλόμενος.
1250 3944 1306 4000 Εἰ
1366 3946 1453 4000 οῦν
1517 3946 1609 4000 τὸν
1667 3943 1880 4021 ἄνεμον,

1975 3312 2300 3395 prohiberi;
2336 3310 2582 3372 naturali
2628 3310 2788 3371 enim
2851 3317 3136 3390 potestate
3186 3311 3372 3372 fertur
3405 3311 3464 3373 in
3496 3312 3608 3375 ali-

1973 3421 2148 3481 quem
2166 3403 2298 3462 ὃ4ι
2339 3404 2528 3463 locum
2552 3400 3167 3462 inccrtum.Caaterum
3193 3401 3297 3464 ubi
3326 3403 3456 3463 vult
3479 3405 3605 3482 spi-

1975 3501 2096 3565 rat,
2131 3491 2339 3572 inquit.
2368 3509 2484 3552 non
2515 3490 2673 3571 quod
2724 3500 2932 3550 ventus
2977 3490 3338 3553 voluntatem
3374 3491 3609 3566 habeat,

1975 3582 2103 3656 sed,
2137 3589 2200 3642 ut
2230 3581 2371 3654 dixi,
2407 3599 2438 3640 a
2459 3588 2665 3640 natura
2698 3578 2880 3640 indita
2911 3578 2996 3639 illi
3020 3587 3280 3659 potestas
3309 3597 3439 3660 quze
3471 3598 3612 3660 pro-

1975 3671 2167 3734 hiberi
2201 3673 2421 3751 nequit,
2451 3667 2875 3730 ostenditur.Si
2904 3667 3080 3747 igitur
3095 3676 3329 3729 ventum
3344 3669 3466 3750 ,qui
3486 3669 3613 3750 spi-

1973 3763 2120 3822 ritus
2147 3759 2527 3822 estsensibus
2560 3757 2890 3838 subjectus,
2923 3757 3183 3837 ignoras,
3221 3756 3515 3838 quomodo
3558 3766 3617 3821 et

1972 3871 2086 3933 quo
2105 3852 2312 3930 Spiret,
2339 3847 2635 3930 quomodo
2660 3848 3172 3924 regenerationem
3196 3865 3230 3907 a
3258 3845 3456 3906 divino
3475 3845 3613 3926 Spi-

1969 3943 2084 4005 ritu
2107 3939 2398 4001 curiosius
2428 3936 2710 4017 inquiris?
2724 3935 2786 3998 Si
2817 3937 2914 3997 hic
2946 3936 3161 4016 spiritu
3186 3934 3618 4015 comprehendi

1969 4029 2196 4110 nequit,
2233 4028 2413 4089 multo
2447 4028 2638 4088 minus
2668 4025 2856 4086 sancti
2883 4026 3140 4104 Spiritus
3170 4025 3354 4101 gratia
3387 4023 3618 4101 legibus

231 4038 382 4088 τοῦτο
436 4030 500 4096 δή
564 4034 624 4086 τὸ
684 4034 918 4102 αἰσθήσει
968 4035 1265 4090 ὑποπίπτον
1337 4037 1566 4110 πνεῦμα,
1642 4035 1879 4111 ἀγνοεῖς,

1969 4129 2191 4180 natura:
2211 4113 2934 4177 subdetur.Confundatur
2954 4113 3620 4193 Macedonius,Spiritus

234 4127 341 4186 πῶς
405 4124 492 4176 καὶ
535 4122 638 4178 ποῦ
669 4135 818 4195 πνεῖ,
881 4127 996 4186 πῶς
1053 4123 1152 4190 τὴν
1211 4123 1316 4178 ἀπὸ
1346 4133 1438 4183 τοῦ
1477 4125 1614 4183 θείου
1645 4124 1884 4199 Πνεύμα-

232 4233 317 4273 τος
361 4209 711 4287 ἁναγέννησιν
763 4213 1081 4290 περιεργάζῃ
1119 4231 1134 4285 ;
1196 4213 1252 4270 Εἰ
1302 4219 1456 4269 τοῦτο
1503 4213 1564 4269 τὸ
1591 4221 1798 4287 πνεῦμα
1830 4223 1884 4278 οὖ

1974 4213 2366 4288 oppugnator,
2396 4205 2570 4285 etqui
2593 4205 2909 4264 antecessit
2930 4202 3097 4263 illum
3124 4201 3477 4290 Eunomius.
3513 4201 3619 4264 Ille

231 4299 429 4356 δύναται
488 4302 912 4379 κατασχεθῆναι,
986 4300 1171 4374 πολλῷ
1229 4299 1435 4376 μᾶλλον
1493 4303 1524 4369 ἡ
1580 4309 1673 4358 τοῦ
1737 4303 1884 4379 ἁγίου

1971 4298 2129 4360 enim
2151 4313 2388 4357 servum
2418 4294 2554 4356 facit
2581 4292 2888 4372 Spiritum,
2920 4289 3186 4371 quamvis
3217 4291 3475 4353 audierit
3505 4291 3621 4356 hoc

237 4391 533 4462 Πνεῦματος
597 4389 782 4467 χάρις,
843 4393 1024 4454 νόμοις
1095 4390 1296 4469 φύσεως
1355 4390 1457 4470 οὔχ
1510 4391 1880 4469 ῦπενεχθήσευ

1971 4392 2099 4452 loco
2131 4384 2288 4465 quod
2313 4391 2519 4446 ventus
2548 4402 2662 4463 quo
2695 4381 2813 4442 vult
2842 4381 3050 4460 spirat,
3093 4379 3274 4470 multo
3304 4380 3481 4470 igitur
3503 4399 3619 4443 ma-

367 4448 376 4462 .
521 4448 530 4452 -
599 4448 688 4467 η.
741 4448 782 4467 ν,
905 4448 914 4454 -
1013 4448 1022 4452 -
1109 4448 1118 4469 ι
1282 4448 1294 4454 -
1423 4448 1457 4470 η,
1675 4448 1713 4469 ρ.
1769 4448 1779 4459 -

236 4501 333 4539 ται,
417 4478 757 4556 Αἰσχυνέσθω
850 4477 1170 4541 Μακεδόνιος
1275 4481 1302 4535 ὁ
1392 4479 1872 4560 Πνευματομάχος,

1969 4448 2056 4557 gis
2098 4448 2357 4556 Spiritus
2405 4448 2644 4535 sanct'us
2677 4448 3016 4560 liberiorem
3037 4448 3236 4560 hab_et
3268 4448 3618 4560 motionem,

240 4569 314 4622 ιιαὶ
383 4569 485 4645 πρὸ
543 4567 729 4622 τούτου
797 4567 1050 4642 Εὕνόμιος
1084 4584 1098 4598 ·
1159 4570 1186 4624 6
1236 4567 1333 4643 μὲν
1382 4565 1565 4625 δοῦλον
1609 4575 1775 4624 ποιῶν
1818 4571 1880 4624 τὸ

1969 4575 2023 4629 et
2045 4585 2160 4646 quo
2195 4565 2405 4637 vull,et
2429 4561 2581 4623 sicut
2601 4558 3126 4641 vult,operabitur.
3154 4557 3485 4620 Eunomius
3509 4576 3618 4621 ve-

241 4663 466 4734 Πιιεῦμα,
524 4658 693 4712 καίτοι
759 4679 818 4734 γε
876 4656 1100 4724 ἥκοδσεν
1175 4660 1421 4726 ενταῦθα,
1482 4656 1562 4713 ὅτι
1635 4654 1882 4732 ’Ἄνεμος

1969 4675 2034 4718 ro
2066 4645 2388 4732 inilloipso
2417 4656 2760 4730 peccans,et
2781 4656 3114 4709 creaturam
3137 4647 3281 4711 dixit
3309 4645 3622 4727 Spiritum,

239 4745 362 4804 ὅπου
430 4744 592 4817 θέλει,
641 4760 766 4802 πνεῖ
800 4763 812 4777 ⁸
886 4745 1070 4820 πολλῷ
1127 4747 1216 4802 οῦν
1274 4744 1479 4822 μᾶλλον
1544 4748 1604 4802 τὸ
1678 4752 1884 4821 Πνεῦμα

1971 4753 2030 4806 et
2060 4745 2115 4804 in
2151 4750 2370 4803 tantam
2407 4739 2675 4821 pervenit
2709 4737 3121 4818 pervicaciam,
3160 4737 3326 4817 quasi
3364 4756 3621 4816 cognos-

242 4832 700 4910 thsEo'ntwtépav
761 4833 860 4900 ἕξει
914 4838 1012 4902 τὴν
1084 4836 1311 4907 κίνησιν,
1385 4837 1470 4890 καὶ
1532 4835 1665 4891 ὅπου
1724 4834 1884 4910 θέλει¹

1978 4841 2142 4897 ceret
2173 4833 2356 4895 Deum
2389 4831 2538 4890 sicut
2559 4831 2684 4910 ipse
2713 4828 2997 4908 seipsum.
3025 4825 3245 4890 Audiat
3273 4826 3449 4902 igitur
3464 4827 3622 4907 quod

240 4925 315 4978 καὶ
370 4925 444 4987 ὡς
515 4922 685 5002 θέλει,
753 4924 1024 5003 ἐνεργήσει
1062 4940 1077 4955 ⁰
1142 4925 1169 4980 ὁ
1212 4922 1265 4979 δὲ
1325 4923 1582 4999 Εῦνόμιος
1653 4923 1785 4980 αύτᾶ
1839 4922 1884 4988 τέ

1982 4939 2178 5002 neque
2208 4920 2364 4980 venti
2391 4899 2680 4999 impetum
2718 4899 2906 4997 neque
2939 4916 3116 4978 tinem
3160 4899 3325 4976 sciat.
3359 4899 3620 4986 Quo'mo-

237 5020 391 5068 ταῦτα
463 5013 721 5090 πρότερος
813 5013 1089 5093 ἁμαρτὼν,
1177 5015 1263 5069 καὶ
1337 5013 1532 5088 κτίσμα
1605 5013 1767 5068 εἰπὼν
1840 5015 1884 5068 τί

1983 5012 2058 5074 do
2090 5011 2266 5090 igitur
2294 5008 2399 5070 Dei
2431 5006 2821 5070 substantiam
2853 5011 3174 5085 cognoscet
3197 5003 3526 5083 impostor?

244 5108 469 5180 Πνεῦμα,
510 5124 602 5158 και
635 5103 764 5180 πρός
797 5124 857 5180 γε
903 5101 1450 5178 ἁπαυθαδιασάμενος,
1516 5099 1654 5159 οὕτω
1712 5101 1995 5179 γινώσκειν
2056 5104 2207 5181 Θεὸν,
2269 5103 2340 5163 ὡς
2391 5101 2576 5155 ἑαυτὸν
2627 5098 2806 5161 αὐτός,
2844 5096 3106 5154 Ἀκουέτω
3136 5097 3245 5170 οὖν,
3281 5094 3359 5151 ὅτι
3392 5093 3504 5151 οῦδὲ
3536 5104 3630 5152 τοῦ

243 5190 426 5264 ἀνέμου
463 5192 565 5257 τὴν
595 5192 782 5270 φορὰν,
819 5192 907 5247 καὶ
937 5192 1036 5257 τὴν
1066 5193 1236 5271 ὁρμὴν
1267 5189 1384 5248 οἶδε
1417 5197 1432 5222 ⁶
1467 5193 1580 5252 πῶς
1608 5190 1697 5248 οῦν
1725 5197 1856 5248 Θεοῦ
1885 5194 2059 5254 οὐσίας
2093 5190 2454 5264 κατατολμᾷς,
2491 5188 2752 5264 ἀλιτήριε,

315 5303 338 5332 α
398 5277 685 5358 Ἀπεκρίθη
754 5278 1082 5355 Νικόδημος,
1153 5281 1238 5336 καὶ
1295 5280 1450 5336 εἶπεν
1508 5283 1651 5353 αὐτῷ
1687 5295 1699 5308 ⁸
1773 5283 1884 5345 Πῶς

2061 5279 2243 5342 Vens.
2278 5276 2443 5339 9-12.
2483 5274 2812 5356 Respondit
2838 5271 3223 5352 Nicodemus,
3250 5283 3311 5337 et
3333 5273 3482 5337 dixit
3511 5275 3567 5337 ei
3603 5297 3616 5337 :

241 5369 442 5424 δύναται
532 5379 693 5427 ταῦτα
779 5369 1072 5447 γενέσθαις
1145 5369 1428 5448 Ἀπεκρίθη
1500 5367 1734 5437 Ἰησοῦς,
1808 5368 1884 5427 καῖ

1978 5367 2282 5442 Quomodo
2327 5374 2574 5449 possunt
2607 5366 2730 5426 haec
2763 5362 2921 5426 ﬁeri?
2972 5360 3299 5443 Respondit
3332 5367 3530 5438 Jesus,
3566 5373 3629 5428 et

242 5462 379 5512 εἶπεν
427 5459 569 5531 αῦτῷ
605 5474 617 5486 ⁸
669 5459 742 5514 Σὺ
801 5459 855 5515 εἷ
916 5459 944 5515 ό
995 5457 1306 5523 διδάσκαλος
1379 5465 1470 5516 τοῦ
1515 5455 1758 5537 Ἰσραὴλ,
1809 5463 1884 5517 καῖ

1976 5457 2123 5520 dixit
2157 5477 2170 5519 :
2205 5457 2290 5519 Tu
2323 5474 2386 5516 es
2419 5454 2518 5516 ille
2543 5454 2823 5532 magister
2852 5450 3174 5518 Israelis.et
3213 5451 3337 5515 hazc
3359 5451 3630 5532 ignoras?

246 5555 391 5603 ταῦτα
451 5551 511 5602 ο)
557 5548 888 5626 γινώσκεις;
939 5548 1138 5628 ’Λμὴν,
1189 5547 1333 5623 ἀμὴν
1385 5545 1527 5625 λέγω
1585 5569 1693 5622 σοι,
1729 5546 1810 5603 ὅτι
1867 5548 1884 5602 ἐ

1977 5550 2374 5626 Amen,amen
2411 5543 2545 5606 dico
2579 5543 2706 5624 tibi,
2738 5541 2892 5622 quod
2920 5539 3164 5616 scimus,
3199 5539 3535 5624 loquimur:
3570 5552 3628 5605 et

240 5634 480 5709 οἴδαμεν,
541 5636 832 5711 λαλοῦμεν,
878 5639 968 5694 καὶ
1017 5639 1045 5693 ὃ
1105 5638 1438 5714 ἑωράκαμεν,
1499 5643 1884 5716 μαρτυροῦμεν,

1978 5636 2134 5718 quod
2166 5635 2441 5703 vidimus,
2471 5641 2800 5696 testamur:
2824 5639 2886 5694 et
2914 5630 3323 5694 testimonium
3353 5647 3626 5695 nostrum

244 5726 319 5780 ui
365 5726 458 5791 τὴν
505 5727 789 5803 μαρτυρίαν
832 5727 986 5802 ἡμῶν
1039 5731 1100 5785 οὗ
1168 5724 1488 5800 λαμϐάνετε,
1540 5727 1595 5783 Ei
1657 5727 1724 5782 τὰ
1769 5725 1884 5782 lxi-

1977 5745 2096 5788 non
2117 5723 2477 5806 accipitis.Si
2501 5731 2740 5786 terrena
2758 5719 2879 5784 dixi
2901 5719 3088 5794 vobis,
3113 5726 3171 5782 et
3204 5739 3321 5783 non
3354 5720 3610 5786 creditis
