4116 6318
415 380 555 447 1211
1294 412 1307 425 ο
1377 384 1974 449 THEOPHYLACTI
2015 388 2057 448 Β

2143 387 2425 449 λῦΑΗῐὶΕ
2470 385 2826 447 ARCHIEP.
3641 380 3796 446 1212

410 517 753 589 illuderent;
788 527 1239 599 praatereuntes,
1264 526 1329 582 ut
1357 519 1866 599 blasphemarent;
1899 523 1962 581 et
1991 518 2051 580 in

2143 518 2221 576 διὰ
2276 519 2470 586 ταύτης
2540 521 2665 597 γοῦν
2710 520 2951 597 κρατήσῃ
2984 519 3162 576 αὐτοῦ’
3212 516 3411 575 καὶδιὰ
3439 525 3597 576 τοῦτο
3646 540 3794 596 παρ-

409 626 639 667 summa
666 608 993 686 Jutlaaos,ut
1022 608 1463 688 cruciﬁgerent;
1496 617 1555 670 et
1583 609 1667 670 sic
1698 626 1934 690 quoque
1961 609 2057 669 in-

2143 610 2352 675 εκίνησε
2411 609 2583 665 πάντα
2653 608 2773 665 κατ’
2826 612 3004 677 αὐτοῦ,
3065 608 3185 670 τοὺς
3243 608 3484 683 μαθητὰς
3552 608 3790 685 ἀρνήσα-

412 695 623 755 victum
659 697 971 777 comperit.
1005 696 1133 760 Non
1180 699 1341 760 enim
1397 698 1586 778 potuit
1650 697 1845 760 crucis
1890 697 2061 759 dolor

415 784 650 845 elﬁcere
684 793 748 845 ut
764 787 1184 863 cruciﬁgentes
1215 786 1460 849 haberet
1482 786 1755 861 odio,sed
1774 785 2058 865 diligebat

408 891 533 951 eos,
556 883 617 935 et
648 893 755 953 pro
788 874 874 936 eis
903 876 1105 938 orabat
1156 876 1365 937 dicens
1398 898 1409 938 :
1450 902 1476 932 α
1515 874 1601 937 Νο
1651 884 1874 937 statuas
1915 875 2053 951 illis,

412 965 919 1042 Pater,peccatum
953 965 1087 1026 hoc.
1124 991 1140 1017 ι
1171 965 1351 1025 Vides
1380 964 1677 1044 quomodo
1714 964 1927 1025 vicerit
1953 983 2057 1043 per

410 1052 520 1112 hoc
551 1053 768 1132 ipsum,
805 1072 912 1133 per
958 1055 1112 1134 quod
1163 1054 1474 1115 videbatur
1516 1054 1704 1113 victus
1745 1051 1906 1115 esse?
1958 1055 2055 1115 Sic

408 1139 584 1217 igitur
612 1143 892 1203 exaltatio
922 1153 981 1203 et
1010 1143 1193 1221 gloria
1225 1144 1375 1223 ejus,
1413 1162 1555 1204 crux
1584 1142 1716 1204 fuit.

416 1231 607 1308 Πάτερ,
634 1233 729 1298 τὴν
761 1232 1019 1310 ἁμαρτίαν
1048 1234 1269 1299 ταύτην,
1305 1256 1327 1285 ι
1370 1226 1524 1312 Ὀρᾷς
1556 1238 1669 1296 πῶς
1702 1231 1973 1297 νενίκηκεν
2034 1232 2087 1288 ἒν

412 1318 532 1384 δόξα
575 1320 789 1398 γέγονεν
823 1324 850 1377 6
894 1323 1139 1399 σταυρός.

491 1408 669 1472 Vens.
706 1410 913 1472 15-17.
955 1410 1084 1473 «Sic
1115 1412 1272 1473 enim
1306 1411 1463 1474 Deus
1493 1411 1704 1474 dilexit
1739 1412 2050 1484 mundum,

411 1506 473 1558 ut
502 1498 716 1561 Filium
749 1518 919 1561 suum
955 1500 1326 1581 unigenitum
1379 1502 1568 1575 daret,
1605 1510 1669 1563 ut
1711 1502 1905 1564 omnis
1954 1502 2055 1582 qui

408 1587 594 1648 credit
626 1589 684 1649 in
708 1608 993 1668 eum,non
1024 1599 1251 1669 pereat,
1284 1593 1388 1652 sed
1426 1590 1639 1652 habeat
1666 1592 1839 1652 vitam
1878 1600 2053 1653 teter-

411 1694 568 1736 nam.
604 1679 735 1739 Non
769 1678 927 1738 cnim
954 1680 1111 1740 misit
1139 1679 1294 1741 Deus
1327 1681 1538 1743 Filium
1573 1698 1744 1741 suum
1784 1680 1843 1741 in
1878 1699 2056 1741 mun-

409 1766 547 1826 dum
581 1773 642 1826 ut
669 1765 1029 1827 condemnet
1054 1768 1476 1830 muntlumzsed
1501 1779 1564 1828 ut
1592 1777 1862 1830 servetur
1879 1787 2056 1829 mun-

410 1853 521 1915 dus
545 1873 650 1933 per
677 1874 875 1917 eum.»
912 1856 1061 1917 Mira
1092 1857 1199 1921 Dei
1230 1877 1368 1937 erga
1402 1857 1689 1918 mundum
1724 1858 2058 1933 dilectio,et

2141 701 2280 769 σθαι,
2380 699 2497 764 τοὺς
2557 697 2883 776 στρατιώτας
2918 696 3212 777 ἐμπαίζειν,
3247 698 3367 760 τοὺς
3418 718 3790 776 παριιπορευο⁹

2141 786 2329 862 μένους
2419 786 2785 867 βλασφημεῖν,
2870 790 2955 844 καὶ
3040 785 3222 850 ἅπλῶς
3297 787 3420 850 τοὺς
3514 783 3790 847 Ἰουδαίους

2137 879 2457 937 θανατῶσαι.
2533 875 2696 933 Ἀλλᾶ
2765 878 2854 933 καὶ
2911 875 3074 937 οὕτως
3105 878 3250 954 εὗρεν
3282 875 3438 931 αὒτὸν
3492 875 3783 945 ἀήττητον,

2139 969 2211 1023 Οὔ
2263 966 2363 1042 γὰρ
2417 964 2651 1035 ἠδυνήθη
2709 965 2764 1021 ἐν
2816 970 2893 1039 τῷ
2924 972 3131 1042 σταυρῷ
3161 965 3302 1031 λύπη
3335 977 3518 1021 πεῖσαι
3548 966 3639 1020 τὸν
3677 964 3784 1022 Κύ-

2138 1077 2247 1126 ριον
2302 1061 2523 1129 μισῆσαι
2581 1058 2703 1120 τοὺς
2781 1063 3151 1134 σταυροῦντας,
3241 1054 3379 1110 ἀλλὰ
3453 1054 3553 1133 γὰρ
3602 1053 3788 1129 ἠγάπα

2137 1142 2294 1199 πάλιν
2323 1146 2411 1203 καὶ
2480 1146 2815 1225 ὓπερηύχετο
2872 1144 3064 1222 λέγων·
3135 1167 3156 1199 ο
3226 1145 3314 1210 Μὴ
3346 1145 3547 1220 στήσῃς
3574 1143 3782 1220 αὒτοϊς,

2146 1236 2190 1305 ᾧ
2245 1231 2413 1289 ἐδόκει
2478 1235 2729 1301 ἡττᾶσθαι
2764 1253 2779 1314 ;
2816 1232 2994 1299 Οῦτως
3020 1233 3107 1289 οὗν
3152 1232 3239 1290 καὶ
3268 1232 3471 1308 ὕψωσις
3502 1231 3660 1289 αὖτοῦ
3700 1234 3788 1286 καὶ

2222 1437 2249 1468 ι
2297 1413 2447 1471 Οὕτω
2500 1414 2598 1493 γὰρ
2654 1413 2936 1492 ἠγάπησεν
3008 1416 3034 1470 6
3094 1415 3221 1476 Θεὸς
3252 1415 3341 1469 τὸν
3372 1413 3599 1488 κόσμον,
3645 1414 3785 1469 ὣστε

2138 1505 2226 1559 τὸν
2284 1505 2402 1559 Υἱὸν
2474 1507 2632 1562 κῦτοῦ
2689 1504 2780 1559 τὸι
2840 1508 3107 1582 μονογενῆ
3159 1501 3375 1569 ἔδωκεν,
3448 1502 3540 1557 ’ἱνα
3590 1509 3694 1563 πᾶς
3756 1502 3788 1555 6

2138 1594 2397 1649 πιστεύων
2446 1595 2519 1659 εἷς
2579 1593 2757 1665 αὐτὸν,
2845 1593 2920 1668 μὴ
2978 1592 3301 1665 ἀπόλληται,
3336 1590 3457 1648 ἀλλ’
3506 1590 3611 1671 ἔχῃ
3642 1592 3785 1662 ζωὴν

2139 1682 2374 1741 αἰώνιον.
2436 1683 2503 1744 οὗ
2562 1682 2662 1760 γαρ
2718 1680 3023 1738 ἀπέστειλεν
3083 1685 3111 1738 6
3169 1682 3296 1745 Θεὸς
3355 1683 3445 1737 τὸν
3477 1683 3597 1737 Υἱὸν
3628 1682 3790 1739 αὐτοῦ

2139 1773 2212 1834 εἰς
2276 1774 2367 1828 τὸν
2436 1772 2638 1845 κόσμον
2708 1770 2800 1827 ’ἕνα
2874 1772 3024 1850 κρίνῃ
3095 1772 3185 1827 τὸν
3253 1772 3476 1845 κόσμον,
3524 1768 3643 1825 ἀλλ’
3690 1769 3787 1824 ’ίνα

2138 1864 2283 1937 σωθῇ
2343 1865 2369 1918 6
2401 1862 2597 1937 κόσμος
2629 1858 2696 1917 δι’
2730 1863 2907 1923 αὐτοῦ,
2947 1885 2974 1915 ι
3023 1859 3198 1917 Πολλθ⁴
3233 1861 3267 1927 ἡ
3308 1862 3407 1926 τῆς
3451 1860 3662 1937 ἀγάπης
3692 1865 3787 1916 τοῦ

412 1952 592 2016 tanta,
614 1952 676 2003 ut
698 1964 813 2006 non
846 1945 1078 2008 dederit
1100 1947 1189 2009 vel
1222 1947 1594 2027 prophetam,
1630 1947 1720 2007 vel
1749 1949 2052 2027 angelum,

2143 1958 2273 2006 Θεοῦ
2327 1952 2457 2028 πρὸς
2510 1952 2601 2007 τὸν
2672 1950 2872 2024 κόσμον
2929 1948 3190 2028 ἐπίτασις,
3223 1951 3311 2005 καὶ
3357 1949 3613 2023 τοσαύτη,
3649 1948 3786 2004 ὣστε

410 2032 512 2093 sed
549 2033 761 2096 Filium
795 2055 988 2110 suum,
1016 2047 1191 2117 atque
1214 2037 1378 2098 illum
1424 2036 1817 2116 unigenitum.
1856 2040 2059 2116 Ange-

416 2121 533 2182 lum
557 2124 606 2184 si
638 2123 877 2204 quidem
901 2125 1312 2200 dedisset,non
1339 2133 1461 2186 erat
1486 2144 1581 2187 res
1613 2144 1807 2205 parva.
1832 2124 2061 2197 Quare?

412 2211 561 2283 Quia
589 2213 833 2291 angelus
862 2214 1100 2295 quidem
1137 2216 1405 2277 minister
1435 2215 1567 2294 ejus
1600 2214 1791 2276 ﬁdelis
1827 2224 1886 2275 et
1923 2232 2056 2276 ser-

414 2317 661 2374 vus,nos
694 2311 886 2365 autem
907 2304 1129 2366 inimici
1147 2313 1205 2365 et
1226 2312 1690 2383 apostataaznunc
1709 2312 1903 2364 autem
1923 2304 2058 2364 dato

411 2387 811 2470 Filioquanto
843 2394 1325 2454 excellentiorem
1358 2393 1627 2455 exhibuit
1659 2394 2008 2454 charilatem
2039 2393 2053 2451 !

416 2475 556 2538 Item
589 2481 635 2539 si
671 2481 886 2541 multos
922 2482 1144 2543 habens
1162 2482 1314 2542 ﬁlios
1345 2502 1528 2542 unum
1556 2482 1839 2550 dedisset,
1860 2489 1917 2541 et
1949 2482 2059 2542 hoc

416 2568 730 2629 maximum
758 2570 984 2642 fuisset,
1018 2590 1173 2631 nunc
1202 2588 1343 2631 vero
1374 2568 1757 2650 Unigenitum
1784 2569 1925 2630 544
1957 2570 2055 2631 de-

415 2655 518 2717 dit.
553 2655 739 2735 Igitur
775 2659 1007 2721 bonitas
1037 2661 1213 2737 digne
1245 2660 1535 2722 laudanda
1562 2670 1673 2721 est.
1712 2660 1917 2722 Ariani
1946 2678 2055 2720 au--

413 2752 530 2806 tem
565 2746 768 2808 dicunt
803 2749 955 2829 quod
993 2750 1351 2827 Uuigenitus
1382 2749 1614 2812 dicatur
1632 2768 1700 2810 eo
1718 2750 1874 2829 quod
1900 2748 2059 2810 solus

410 2832 538 2912 ipse
562 2835 747 2897 factus
767 2838 845 2901 sit
872 2848 932 2901 et
962 2840 1234 2901 conditus
1263 2857 1297 2899 a
1328 2838 1476 2912 Deo,
1502 2838 1701 2901 omnia
1729 2847 1923 2899 autem
1948 2837 2060 2899 alia

411 2922 487 2982 ab
519 2922 877 2997 illo.Quibus
902 2928 1255 3008 simpliciter
1274 2927 1801 3009 respondemus:Si
1819 2926 2059 3007 quidem

412 3009 754 3090 Unigenitus
785 3016 983 3078 dictus
1015 3018 1361 3089 fuisset,nec
1381 3018 1653 3080 additum
1680 3026 1836 3079 esset
1854 3016 2056 3091 Filius,

414 3100 657 3163 haberet
688 3105 976 3167 rationem
1011 3108 1329 3188 impudens
1355 3116 1610 3167 vestrum
1633 3114 2056 3167 commentum:

2175 2047 2189 2066 ,
2310 2042 2333 2061 ν
2648 2044 2661 2064 ,
3096 2042 3124 2053 .-
3279 2042 3291 2059 ,
3378 2042 3391 2058 ι
3583 2043 3618 2063 ,ι
3732 2040 3749 2073 ,ν

2142 2066 2234 2100 ουκ
2305 2042 2551 2120 αγγελον,
2614 2065 2672 2098 ου
2728 2044 3008 2121 προφήτην
3038 2039 3234 2115 δουναι,
3270 2039 3405 2097 alla:
3428 2042 3520 2097 τὸν
3543 2050 3659 2097 ιἰον
3697 2063 3790 2096 α)-

2141 2140 2253 2204 τοῦ,
2312 2136 2399 2189 καὶ
2456 2133 2639 2189 τοῦτον
2710 2138 2999 2208 μονογενῆ.
3061 2134 3157 2188 Καὶ
3224 2130 3452 2207 ἄγγελον
3482 2130 3578 2203 μὲν
3609 2130 3709 2208 γὰρ
3740 2132 3785 2185 εἰ

2141 2220 2356 2294 ἔδωκεν,
2390 2219 2534 2280 οῦδὲν
2564 2220 2701 2277 οὕτω
2718 2223 2903 2300 μιγρὸν
2924 2221 2990 2288 ἧν
3025 2223 3084 2277 τὸ
3109 2226 3351 2297 πρᾶγμα.
3388 2219 3536 2276 Διατί
3570 2241 3585 2293 ς
3638 2221 3785 2275 Ater

2143 2314 2169 2367 ὁ
2234 2311 2329 2385 μὲν
2388 2308 2637 2389 ἄγγελος,
2696 2309 2933 2376 διάκονος
2964 2312 3122 2367 αὖτοῦ
3151 2310 3338 2372 πιστὸς
3370 2310 3456 2365 καὶ
3487 2308 3783 2385 ὑπηρέτης·

2141 2402 2306 2473 ἡμεῖς
2366 2397 2442 2477 δὲ,
2519 2400 2698 2478 ἐχθροὶ
2753 2401 2840 2455 καὶ
2890 2398 3202 2460 ἀποστάται,
3258 2399 3357 2455 Νῦν
3390 2395 3443 2453 δὲ
3492 2398 3609 2454 Υἷὸν
3638 2395 3783 2467 δοὺς,

2141 2490 2295 2545 ποίαν
2365 2487 2659 2564 ὑπερϐολὴν
2719 2489 2932 2565 ἀγάπης
2994 2488 3201 2567 παρῆκε
3235 2507 3251 2557 ;
3288 2485 3475 2560 Πάλιν,
3548 2489 3592 2542 εὶ
3640 2486 3785 2543 πολ-

2140 2578 2261 2640 λούς
2336 2578 2480 2658 ἔχων
2537 2579 2701 2659 υἱοὺς,
2760 2578 2851 2635 ἕνα
2908 2575 3125 2650 δέδωκε,
3184 2578 3273 2633 κιιὶ
3304 2583 3459 2634 τοῦτο
3487 2577 3783 2655 ὑπέρμεγα*

2142 2677 2227 2726 v3v
2282 2666 2335 2724 δὲ
2365 2656 2493 2724 Πτὸν
2554 2656 2827 2744 Μονόγενῆ
2872 2666 3115 2723 δέδωκεν.
3151 2656 3301 2743 ’Ἀρα
3330 2667 3419 2723 οὖν
3460 2664 3600 2721 ἔστιν
3628 2666 3783 2732 ἀξίως

2140 2761 2370 2833 ὑμνῆσαι
2426 2758 2522 2824 τὴν
2581 2757 2904 2835 ἂγαθότητα.
2982 2758 3040 2813 Oi.
3112 2754 3165 2811 δὲ
3237 2752 3495 2832 Ἀρειανοὶ
3543 2753 3782 2833 λέγουσιν

2144 2847 2223 2904 ὅτι
2297 2847 2601 2925 Μονογενὴς
2686 2845 2922 2924 λέγεται,
2979 2843 3110 2902 διότι
3166 2846 3321 2909 αὐτὸς
3380 2843 3540 2916 μόνος
3569 2844 3774 2923 γέγονε,

2145 2938 2231 2993 καὶ
2300 2935 2509 3002 ἐκτίσθη
2566 2937 2667 2992 ὑπὸ
2712 2942 2861 3007 Θεοῦ,
2908 2936 2973 2991 τὰ
3014 2932 3059 2989 δ’
3105 2934 3239 2990 ἅλλὰ
3269 2935 3441 2991 πάντα
3468 2931 3556 2990 ὑπ’
3600 2936 3777 2995 αὒτοῦ,

2147 3028 2282 3104 Πρὸς
2343 3024 2426 3089 οῦς
2501 3024 2697 3089 ἁπλοῦς
2754 3028 2782 3081 6
2833 3024 3015 3103 λόγος,
3075 3026 3153 3080 ὃτι
3217 3026 3273 3082 El
3330 3023 3425 3098 μὲν
3476 3023 3779 3101 Μονογενης

2145 3115 2355 3195 ἐλέγετο
2402 3118 2569 3195 χωρὶς
2639 3122 2730 3170 τοῦ
2778 3116 2919 3193 Υἱὸς,
2994 3114 3152 3194 εἶχεν
3183 3112 3241 3168 ἄν
3287 3111 3444 3189 λόγον
3475 3114 3537 3168 τὸ
3575 3112 3787 3186 κομψὸν

413 3203 472 3283 at
508 3210 661 3254 nunc
703 3212 836 3255 cum
859 3216 976 3256 non
1009 3197 1198 3259 solum
1245 3196 1619 3275 Unigenitus.
1653 3196 1756 3257 sed
1792 3204 1849 3257 et
1881 3195 2057 3258 Filius

2144 3207 2291 3279 ὑμῶν
2348 3204 2577 3283 ετᾶρημα⁶
2645 3211 2730 3261 νῦν
2790 3202 2843 3259 δὲ
2901 3205 3035 3278 μετὰ
3093 3210 3184 3260 τοῦ
3255 3208 3577 3278 Μονογενοῦς
3607 3202 3694 3257 καὶ
3723 3204 3784 3257 τὸ

415 3279 792 3372 dicatur,non
811 3287 1095 3366 permittit
1116 3287 1202 3348 sic
1218 3287 1546 3365 intelligere
1558 3284 2055 3366 Unigenitum(a),

2148 3296 2264 3357 Υἱὸς
2320 3292 2629 3372 λεγόμενον,
2678 3294 2738 3350 οὒ
2766 3290 2969 3349 δίδωσιν
3002 3292 3140 3349 οὕτω
3170 3304 3314 3349 νοεῖν
3342 3291 3433 3347 τὸν
3484 3296 3784 3365 Μονογενῆ,

413 3370 514 3430 sed
557 3372 670 3433 vult
692 3373 860 3435 illum
885 3376 1077 3437 solum
1111 3395 1181 3438 ex
1212 3380 1383 3439 Patre
1415 3384 1635 3436 natum.
1668 3373 1811 3435 Vide
1834 3383 2052 3445 autem,

411 3461 702 3541 oro,quod
734 3465 881 3525 sicut
913 3484 1092 3545 supra
1121 3465 1266 3526 dixit
1296 3464 1510 3525 Filium
1537 3463 1797 3524 hominis
1815 3462 2056 3524 descen-

413 3548 572 3609 disse
603 3551 679 3611 de
705 3553 878 3625 caelo,
921 3555 1186 3635 quamvis
1239 3574 1355 3615 non
1408 3552 1788 3614 descenderit
1818 3571 1953 3613 caro
1984 3552 2059 3614 de

414 3637 698 3705 caelo,sed
716 3652 959 3721 propter
983 3663 1155 3704 unam
1185 3661 1493 3723 personam
1511 3650 1569 3703 et
1591 3660 1763 3702 unam
1791 3643 2061 3721 hyposta-

414 3726 628 3797 sim,ea
651 3750 780 3809 quae
812 3734 913 3794 Dei
948 3743 1107 3805 sunt,
1142 3731 1412 3793 attribuit
1442 3731 1670 3795 homini
1703 3751 1717 3791 :
1752 3730 1829 3792 ita
1860 3738 1916 3791 et
1949 3731 2059 3790 hoc

415 3818 565 3886 loco,
601 3836 669 3879 ea
692 3839 822 3900 quae
853 3822 1111 3883 hominis
1168 3830 1327 3892 sunt,
1368 3820 1633 3882 attribuit
1664 3819 1858 3882 Verbo
1912 3822 2053 3882 Deo.

420 3903 584 3965 Dedit
618 3908 1192 3989 enim,inquit,Deus
1222 3909 1439 3971 Filium
1478 3927 1649 3971 suum
1684 3909 1744 3969 in
1779 3917 2052 3969 mortem:

414 3996 678 4073 quamvis
711 3997 1093 4077 impassibilis
1127 3999 1520 4079 permanserit
1554 3999 1712 4061 Deus
1747 4020 1759 4061 :
1794 4007 2053 4059 attamen

2144 3383 2278 3439 ἀλλὰ
2346 3370 2437 3439 τόν
2506 3383 2667 3456 μόνον
2709 3382 3022 3459 γεννηθέντα
3052 3380 3113 3437 ὲκ
3140 3387 3232 3437 τοῦ
3279 3380 3503 3457 Πατρός.
3556 3370 3701 3457 ΗΟρα
3731 3378 3787 3435 δὲ

2143 3495 2258 3551 μοι,
2318 3474 2397 3527 ὃτι
2480 3471 2657 3551 ὥσπερ
2689 3470 2797 3527 ἅνω
2826 3471 3004 3543 εἶπεν,
3040 3469 3119 3526 ῧτι
3152 3472 3181 3526 ὁ
3227 3470 3344 3532 Υἱὸς
3393 3475 3484 3525 τοῦ
3516 3470 3787 3548 ἀνθρώπου

2142 3559 2341 3628 κατέϐη
2414 3560 2474 3616 ἐκ
2528 3570 2621 3619 τοῦ
2673 3562 2915 3639 οὖρανοῦ,
2946 3559 3119 3616 καίτοι
3162 3560 3223 3615 οὗ
3250 3556 3451 3624 κατέϐη
3482 3559 3515 3626 ἡ
3546 3555 3670 3634 σὰρξ
3726 3556 3790 3612 ἐκ

2144 3654 2233 3707 τοῦ
2290 3652 2531 3727 ούρανοῦ,
2590 3648 2710 3705 ἀλλ’
2768 3647 2915 3724 ὅμως
2985 3647 3069 3704 διὰ
3122 3649 3182 3704 τὺ
3239 3647 3292 3703 ’ἐν
3339 3646 3647 3724 πρόσωπον,
3699 3648 3789 3703 καὶ

2142 3741 2235 3808 τὴν
2296 3741 2417 3813 μίαν
2488 3740 2798 3809 ὑπόστασιν,
2871 3739 2935 3794 τὰ
3003 3745 3093 3795 τοῦ
3146 3745 3274 3796 Θεοῦ
3346 3736 3643 3812 προσέθηκε
3710 3743 3789 3809 τῷ

2140 3829 2418 3907 ἀνθρώπῳ·
2495 3826 2631 3885 οὕτω
2683 3827 2942 3884 κάνταῦθα
2986 3829 3047 3883 τὸ
3091 3825 3318 3899 ἔμπαλιν
3350 3826 3412 3881 τᾶ
3442 3832 3532 3882 τοῦ
3580 3825 3788 3903 ἀνθρώ-

2140 3940 2240 3974 που
2296 3918 2605 3995 προστίθησι
2639 3921 2713 3989 τῷ
2740 3922 2855 3989 Θεῷ
2886 3916 3061 3993 Λόγῳ.
3112 3911 3338 3972 ’Ἔδωκε
3379 3914 3502 3992 γὰρ,
3537 3914 3720 3992 φησὶν,
3756 3914 3785 3967 6

2141 4009 2269 4071 Θεὸς
2346 4008 2429 4061 τὸν
2482 4008 2601 4061 Υίὸν
2644 4006 2801 4063 αὺτοῦ
2829 4006 2900 4062 εἷς
2929 4005 3173 4061 θάνατον·
3209 4004 3378 4061 καίτοι
3409 4005 3436 4059 6
3466 4004 3597 4065 Θεὸς
3640 4002 3789 4059 ἀπα-

411 4082 547 4161 quia
578 4105 728 4146 unus
758 4097 817 4148 et
848 4088 1002 4150 idem
1039 4089 1144 4149 fuit
1168 4108 1273 4168 per
1304 4090 1751 4169 hypostasim,et
1777 4088 1877 4168 qui
1902 4085 2054 4147 Ver-

2143 4095 2233 4162 θὴς
2292 4092 2571 4168 διέμεινεν·
2622 4092 2742 4149 ἀλλ’
2812 4094 2923 4150 ἐπεὶ
2980 4095 3065 4157 εἷς
3109 4095 3196 4151 καὶ
3226 4095 3252 4150 6
3284 4094 3438 4155 αὒτός
3489 4091 3606 4148 καθ’
3651 4093 3792 4148 ὑπό-

412 4171 553 4233 bum
583 4172 714 4245 Dei.
749 4191 805 4239 et
830 4178 1005 4239 homo
1037 4179 1136 4259 qui
1171 4198 1273 4259 pro
1307 4179 1480 4239 nobis
1511 4176 1954 4258 patiens,Filius
1975 4176 2057 4237 di-

2143 4205 2323 4240 σεασιν
2393 4186 2457 4249 ἦν
2519 4182 2546 4239 ὅ
2602 4205 2660 4240 τε
2730 4190 2821 4239 τοῦ
2878 4190 3009 4240 Θεοῦ
3068 4185 3262 4261 Λόγος,
3322 4184 3409 4238 καὶ
3470 4183 3498 4237 6
3530 4180 3594 4237 τᾶ
3648 4181 3790 4246 πάθη

412 4262 567 4322 citur
597 4263 765 4325 datus
797 4286 953 4347 esse,
988 4268 1046 4328 in
1083 4277 1364 4346 quantum
1399 4283 1453 4329 et
1489 4286 1623 4327 vere
1657 4284 1885 4347 passus,
1942 4285 2057 4327 non

2143 4273 2490 4351 ὑφιστάμενος
2558 4272 2849 4350 ἅνθρωπος·
2904 4274 2931 4327 6
2976 4274 3092 4337 Υἱὸς
3144 4270 3355 4349 λέγεται
3424 4268 3677 4347 δεδόσθαι,
3731 4268 3790 4333 ὃς

412 4351 471 4411 in
502 4370 607 4412 sua
641 4363 869 4435 natura,
903 4357 1005 4418 sed
1041 4357 1098 4417 in
1132 4377 1236 4418 sua
1281 4375 1461 4418 carne
1519 4356 1683 4428 Quod
1728 4362 1925 4416 autem
1961 4355 2054 4416 lu-

2143 4364 2225 4417 καὶ
2282 4361 2493 4427 ἀληθῶς
2555 4360 2792 4440 ἔπασχεν
2858 4360 2912 4417 ἐν
2966 4367 3032 4437 τῇ
3064 4360 3227 4432 οἰκείᾳ
3258 4360 3411 4428 σαρκί
3437 4357 3592 4437 (19).
3630 4360 3690 4417 Τί
3734 4357 3788 4414 δὲ

411 4458 601 4521 crum,
624 4443 751 4505 dari
786 4445 1098 4509 Filium?0
1132 4455 1499 4524 magnum,et
1532 4464 1709 4525 supra
1738 4445 2054 4505 humanam

2174 4453 2186 4469 ς
2320 4450 2329 4464 ι
2372 4449 2394 4470 κ
2549 4460 2569 4469 ν
2719 4456 2741 4466 η-
3216 4440 3230 4462 ε
3409 4448 3419 4463 ο
3592 4450 3607 4468 ς
3666 4450 3679 4470 ι
3734 4449 3752 4467 κ

2143 4474 2199 4507 το
2272 4470 2453 4528 κεροος
2482 4472 2574 4509 του
2625 4448 2837 4517 δοθηναι
2867 4452 2957 4506 τὸν
3003 4451 3121 4506 Υἱόν
3170 4470 3185 4530 ;
3235 4460 3306 4515 Ως
3356 4471 3493 4526 μεγα
3524 4470 3611 4504 και
3661 4469 3790 4527 υπερ

416 4533 695 4592 mentem!
732 4544 793 4594 ut
822 4535 1015 4596 omnis
1051 4536 1150 4616 qui
1182 4536 1369 4598 credit
1398 4536 1457 4595 in
1493 4535 1680 4607 illum,
1716 4533 1832 4594 duo
1856 4534 1951 4593 illa
1973 4533 2057 4594 lu-

2143 4538 2341 4596 ἔννοιαν
2399 4540 2749 4617 ἀνθρωπίνην,
2805 4539 2897 4595 τίνα
2955 4546 3057 4602 πᾶς
3121 4540 3147 4594 6
3207 4540 3466 4595 πιστεύων
3496 4539 3569 4602 είς
3608 4538 3787 4611 αὖτὸν,

411 4628 607 4680 cretur
642 4641 656 4680 :
695 4641 875 4683 unum
912 4623 1174 4704 quidem,
1206 4623 1363 4704 quod
1397 4642 1513 4684 non
1571 4625 1743 4703 perit;
1778 4623 2054 4701 alterum,

2143 4628 2227 4686 δύο
2281 4639 2445 4687 ταῦτα
2499 4626 2747 4707 κερδάνγπ
2806 4627 2861 4684 ἓν
2919 4628 3041 4703 μὲν,
3105 4630 3165 4684 τὸ
3196 4628 3272 4700 μὴ
3312 4625 3622 4684 ἀπολέσθαιθ
3668 4625 3790 4681 ’ἑτε-

412 4712 567 4787 quod
602 4710 771 4771 vitam
823 4711 1022 4785 habet,
1076 4724 1253 4794 atque
1307 4713 1485 4773 vitam
1541 4722 1846 4774 aeternam.
1879 4714 2057 4773 Vetus

2143 4741 2225 4773 Ωον
2300 4717 2376 4786 δὲ,
2437 4722 2497 4773 τὸ
2553 4718 2642 4774 καὶ
2699 4719 2842 4789 ζωὴν
2920 4717 3094 4796 ἔχειν,
3151 4718 3239 4773 καὶ
3307 4716 3505 4783 ταύτην
3553 4714 3783 4774 αἰώνιον.

412 4798 567 4885 enim
596 4798 684 4860 lex
720 4801 1103 4879 promittebat
1124 4821 1226 4863 eos
1247 4802 1346 4882 qui
1373 4805 1427 4862 in
1459 4802 1557 4863 illa
1584 4806 1702 4863 Deo
1723 4800 2053 4882 placebant,

2143 4799 2201 4862 Ἠ
2277 4807 2372 4881 μὲν
2430 4808 2530 4885 γαρ
2602 4805 2833 4878 Παλαιὰ,
2894 4806 3016 4867 τοὺς
3076 4804 3130 4861 ἒν
3179 4806 3345 4881 ταύτῃ
3385 4805 3792 4882 εὖαρεστοῦντας

410 4884 746 4966 implendus
778 4890 1144 4967 longitudine
1176 4890 1430 4954 dierum:
1458 4891 1835 4968 Evangehum
1860 4900 2055 4951 autem

2143 4904 2213 4969 τῷ
2272 4900 2410 4970 Θεῷ,
2448 4884 2805 4972 νμακρότητος
2858 4895 3073 4973 ἡμερῶν
3115 4892 3386 4967 εμπιπλᾷν
3444 4895 3789 4973 ὑπισχνεϊτιν

409 4993 523 5036 non
577 4981 991 5058 temporariam
1053 4981 1222 5040 vitam
1280 4981 1543 5060 largitur,
1605 4981 1708 5041 sed
1766 4988 2045 5041 :eternam

2143 4988 2191 5041 τὸ
2249 4983 2300 5040 δὲ
2370 4984 2710 5064 Εὕαγγέλιον,
2770 4983 2829 5039 οὗ
2910 4985 3214 5061 προσκαίρῳ
3242 4984 3353 5058 ζωῇ
3400 4981 3789 5061 φιλοτιμεῖται,

406 5073 463 5124 et
493 5066 987 5132 indissolubilem.
1020 5069 1165 5142 Quia
1200 5069 1356 5131 enim
1415 5070 1531 5130 duo
1576 5078 1713 5130 sunt
1764 5070 2050 5130 adventus

2143 5073 2266 5130 ὶλλὰ
2323 5076 2410 5131 καὶ
2482 5073 2676 5144 αἰωνίῳ
2742 5074 2829 5129 καὶ
2888 5070 3221 5145 ἀκαταλύτγ).
3257 5071 3407 5129 Ἐπεὶ
3434 5069 3490 5127 δὲ
3519 5069 3610 5128 δύο
3665 5070 3795 5125 εἰσὶν

405 5156 714 5227 Christi,et
744 5158 841 5219 ille
873 5158 971 5240 qui
999 5158 1200 5234 fuit,et
1224 5158 1322 5220 ille
1357 5161 1456 5240 qui
1487 5168 1771 5221 venturus
1804 5167 1893 5219 est
1924 5178 1938 5218 :
1973 5159 2050 5222 de

2143 5168 2181 5219 ιὶ
2238 5172 2327 5220 τοῦ
2379 5172 2598 5222 Χοιστοῦ
2668 5164 2967 5242 παρουσίαι,
3042 5163 3077 5230 ἢ
3138 5184 3196 5218 τε
3272 5160 3369 5229 ἤδη
3420 5160 3795 5239 γεγενημένη,

486 5291 548 5340 78
575 5291 709 5354 Luc.
740 5312 902 5367 χχιιι,
939 5294 1035 5356 34.
1126 5293 1419 5357 79Hoan.
1460 5295 1622 5357 Iv.9.

1487 5428 1573 5489 Ex
1605 5427 1923 5490 collatione
1956 5428 2130 5492 codd.
2166 5430 2380 5493 Venet.
2416 5429 2478 5495 S.
2513 5430 2711 5494 Marci.

491 5562 619 5638 (19)
651 5562 800 5626 Cod.
826 5565 895 5625 31
928 5564 1164 5645 plenius
1198 5586 1212 5629 :
1244 5548 1348 5631 “0;
1378 5567 1462 5622 καὶ
1494 5564 1705 5633 ἀληθῶς
1735 5564 2002 5646 ἔπασχεν,
2035 5590 2057 5623 ο

2143 5573 2187 5643 τῇ
2216 5568 2381 5639 οἰκείᾳ
2422 5567 2594 5647 φύσει,
2628 5566 2765 5622 ἀλλὰ
2795 5573 2864 5642 τῇ
2908 5564 3072 5637 οἰκείᾳ
3116 5566 3291 5643 σαρκί,

495 5685 577 5763 (ιι)
626 5687 751 5749 Edit
804 5691 929 5749 Lut.
971 5711 1082 5752 non
1117 5692 1296 5753 habet
1328 5695 1742 5771 unigenitum.
