4116 6318
235 370 409 436 1218

1008 366 1451 433 ENARRATIO
1509 369 1591 432 IN
1636 363 2145 431 EVANGELIUM
2185 364 2526 431 JOANNIS.
2578 371 2858 432 —'CAP.
2908 369 3017 431 III.

3477 362 3627 428 1214

224 505 329 561 καὶ
359 505 393 573 ἡ
425 501 723 582 μέλλουσα,
758 503 878 581 περὶ
920 508 1019 569 τῆς
1079 525 1337 581 προτερας
1394 502 1539 580 λέγει
1592 503 1900 580 παρουσίας,

1990 496 2183 577 priore
2203 500 2463 563 adventu
2494 502 2658 577 dicit,
2680 502 2837 583 quod
2868 521 2988 564 non
3020 501 3235 563 missus
3256 502 3329 564 sit
3361 498 3545 564 Filius
3564 506 3627 559 ut

225 593 319 651 ὅτι
369 596 463 652 οὐκ
532 591 811 659 ἀπεστσίλη
870 593 897 647 6
942 593 1061 655 Υἱὸς
1105 590 1195 648 ἵνα
1227 593 1515 673 κατακρίνῃ
1544 592 1636 648 τὸν
1665 592 1891 667 κόσμον,

228 680 393 742 Ἐπεὶ
450 683 494 738 εἰ
564 681 651 738 ἐπὶ
706 687 861 738 τοῦτο
916 680 1068 755 ἦλθε,
1101 683 1295 744 πάντες
1372 681 1432 736 ἄν
1488 680 1891 759 κατεκρίθησαν·

228 772 439 837 πάντες
514 772 615 850 γὰρ
672 769 937 850 ἥμαρτον,
1000 772 1131 827 καθά
1192 772 1281 829 καὶ
1314 768 1517 835 [Ιαῦλός
1545 786 1726 850 φησιν·
1760 768 1895 826 ἀλλὰ

231 860 660 941 προηγουμένως
712 859 796 915 ἐπὶ
854 862 915 916 τὸ
969 866 1137 917 σῶσαι
1196 862 1284 916 τὸν
1342 860 1542 936 κόσμον
1597 859 1747 934 ἦλθε,
1810 860 1896 914 καὶ

236 957 401 1008 τοῦτο
473 952 669 1012 σκοπὸς
728 949 792 1016 ἧν
854 951 1012 1025 αὖτῷ³
1076 950 1210 1006 κατά
1253 946 1584 1024 ωμόεϐηκός
1614 948 1668 1005 δὲ
1728 949 1892 1025 κρίνει

231 1042 363 1103 τοὺς
424 1042 503 1115 μὴ
560 1040 967 1103 πιστεύσαντας,
1058 1030 1116 1096 (0
1170 1038 1351 1114 μέντοι
1386 1040 1672 1104 Μωσαϊκὸς
1708 1039 1891 1113 νόμος,

234 1126 658 1207 προηγουμένως
718 1128 792 1191 εἷς
851 1126 936 1183 ἕλε
954 1150 1077 1208 (χον
1136 1132 1234 1195 τῆς
1285 1128 1539 1206 ἁμαρτίας
1601 1126 1749 1205 ἦλθε,
1814 1126 1900 1181 καὶ

235 1218 557 1298 κατάκρισιν
615 1224 719 1274 τῶν
779 1216 1236 1296 παραϐαινόντων.
1298 1214 1476 1274 Οὖδενὶ
1507 1216 1607 1294 γὰρ
1662 1213 1900 1293 συνεχώ-

236 1330 345 1388 ρει,
408 1305 528 1363 ἀλλ’
616 1305 725 1382 ἅμα
783 1328 840 1362 τε
896 1310 1042 1388 εὗρεν
1094 1306 1461 1385 ἁμαρτάνοντά
1507 1326 1581 1379 τι,
1653 1305 1740 1361 καὶ
1787 1303 1898 1378 ἅμα

237 1386 345 1464 τὴν
400 1394 550 1464 δίκην
604 1396 827 1474 ἐπῆγεν.
891 1386 967 1452 Ἠ
1013 1395 1108 1471 μὲν
1154 1395 1242 1451 οὖν
1274 1395 1459 1474 πρώτη
1514 1394 1770 1471 παρουσία
1806 1392 1902 1449 οὒκ

238 1486 377 1567 εῖχε
460 1486 659 1542 σκοπὸν
690 1488 750 1541 τὸ
779 1485 994 1564 κρίνειν,
1028 1486 1073 1540 εὶ
1105 1484 1182 1560 μὴ
1213 1484 1348 1540 κατά
1376 1480 1734 1563 συμϐεϐηκὸς,
1780 1499 1900 1546 τους

242 1577 667 1645 ἀπιστήσαντας·
732 1577 875 1632 οὗτοι
958 1575 1059 1653 γὰρ
1129 1572 1233 1642 ἢδη
1300 1573 1586 1651 κέκρινται·
1639 1574 1673 1638 ἡ
1732 1570 1786 1628 δέ
1839 1593 1899 1649 γε

238 1663 458 1743 δευτέρα
512 1664 792 1742 παρουσία,
862 1664 1074 1729 πάντως
1107 1662 1193 1719 ἐπὶ
1219 1685 1296 1735 ττμ
1326 1663 1525 1727 πάντας
1578 1675 1778 1741 κρῖναι,
1812 1663 1900 1717 καὶ

246 1751 536 1810 ἀποδοῦναι
596 1753 803 1826 ἑκάστῳ
859 1753 996 1809 κατά
1060 1753 1124 1808 τὰ
1219 1750 1345 1830 ἔργα
1429 1750 1605 1825 αύτοῦ,
1670 1752 1897 1829 γενὴσε-

245 1865 360 1905 ται.

244 2023 510 2079 πιστεύων
592 2020 696 2091 ἢδη
754 2019 1009 2099 κέκριται,
1072 2019 1151 2075 ὅτι
1208 2019 1284 2089 μὴ
1337 2021 1682 2076 πεπίστευκεν
1733 2021 1803 2082 εἰς
1835 2020 1896 2074 τὸ

244 2109 417 2186 ὄνομα
482 2114 577 2169 τοῦ
647 2118 960 2188 μονογενοῦς
1022 2112 1140 2166 ἴ·ἱοῦ
1167 2112 1260 2166 τοῦ
1290 2116 1442 2171 Θεοῦ,
1481 2106 1619 2176 Αὕτη
1651 2108 1705 2164 δὲ
1754 2107 1893 2164 ἐστιν

244 2203 279 2268 ἡ
346 2202 539 2281 κρίσις,
596 2198 676 2257 ὅτι
737 2202 799 2256 τὸ
870 2206 981 2279 φῶς
1050 2196 1208 2265 ἦλθεν
1265 2199 1337 2263 είς
1401 2199 1494 2254 τὸν
1524 2198 1748 2276 κόσμον,
1808 2198 1896 2254 καὶ

243 2290 534 2367 ἠγάπησαν
582 2291 626 2347 οἱ
689 2288 946 2367 ἅνθρωποι
1006 2286 1211 2362 μᾶλλον
1288 2289 1349 2343 τὸ
1446 2289 1658 2366 σκότος,
1745 2287 1779 2355 ἢ
1835 2287 1897 2342 τὸ

251 2384 389 2458 φῶς*
451 2379 517 2446 ἦν
574 2379 674 2458 γὰρ
725 2378 931 2455 πονηρὰ
988 2376 1160 2433 αὐτῶν
1242 2377 1309 2431 τὰ
1393 2374 1542 2455 ἔργα.
1627 2382 1736 2438 Πᾶς
1800 2377 1901 2455 γὰρ

174 2538 177 2541 _
249 2470 277 2523 6
362 2468 533 2547 φαῦλα
590 2468 861 2547 πράσσων,
926 2478 1077 2541 μισεῖ
1120 2466 1180 2521 τὸ
1230 2472 1365 2545 φῶς,
1427 2467 1514 2521 καὶ
1560 2469 1654 2525 οὒκ
1683 2465 1898 2546 ἔρχεται

251 2558 385 2633 πρὸς
440 2558 501 2613 τὸ
556 2561 692 2636 φῶς,
751 2556 842 2611 ἵνα
927 2555 1003 2631 μὴ
1081 2553 1315 2632 ἐλεγχθῆ
1394 2555 1460 2610 τὰ
1531 2553 1656 2634 ἔργα
1715 2557 1897 2612 αὐτοῦ·

1978 587 2336 652 condemnet
2364 591 2821 674 mundum;quia
2851 591 2900 653 si
2932 598 3175 671 propter
3194 591 3307 652 hoc
3344 588 3624 663 venisset,

1978 677 2355 741 condemnati
2388 680 2640 743 fuissent
2670 683 2880 763 utique
2911 699 3140 743 omnes.
3194 679 3418 743 Omnes
3462 677 3622 739 enim

1979 770 2620 846 percaveruntﬁoﬁicut
2646 780 2703 833 et
2733 770 2949 834 Paulus
2976 771 3138 833 dicit.
3175 769 3292 832 Sed
3327 767 3623 849 praecipue

1980 853 2050 914 ad
2093 856 2207 918 hoc
2238 860 2417 935 venit,
2450 868 2508 921 et
2529 860 2817 921 mundum
2849 856 3135 933 servaret,
3155 868 3328 939 atque
3359 858 3487 919 haec
3526 856 3622 917 in-

1980 944 2165 1007 tentio
2195 949 2322 1027 ejus
2355 949 2455 1011 fuit
2490 968 2504 1011 :
2544 968 2651 1028 per
2679 949 2957 1011 accidens
3013 956 3211 1010 autem
3259 946 3490 1027 judicat
3522 964 3623 1008 eos

1983 1036 2082 1114 qui
2111 1055 2226 1097 non
2249 1039 2656 1101 crediderunt.
2709 1042 2826 1101 Lex
2857 1056 2996 1100 vero
3027 1036 3287 1101 Mosaica
3328 1034 3624 1116 praecipue

1982 1125 2163 1205 venit,
2200 1134 2264 1187 ut
2295 1128 2764 1208 reprehenderet
2807 1135 3135 1207 peceatum,
3171 1134 3230 1186 et
3257 1125 3626 1188 condemna-

1985 1222 2085 1275 ret
2096 1216 2736 1294 praevaricantes.Nulli
2759 1218 2919 1279 enim
2945 1214 3327 1293 iguoscit,sed
3350 1213 3526 1274 simul
3544 1220 3630 1274 at-

1980 1319 2097 1379 que
2118 1304 2413 1368 invenerit
2443 1315 2787 1387 peccantem
2816 1306 2878 1367 in
2911 1306 3128 1387 aliquo,
3159 1321 3389 1384 poenam
3418 1302 3623 1365 infert.

1987 1390 2189 1472 [taque
2221 1393 2452 1473 primus
2480 1394 2771 1458 adventus
2803 1414 2919 1456 non
2952 1402 3195 1476 propter
3221 1391 3516 1473 judicium
3546 1391 3630 1452 fa-

1983 1489 2139 1550 ctns,
2174 1481 2289 1543 nisi
2322 1502 2426 1563 per
2455 1484 3053 1564 accidens,judicans
3085 1502 3188 1545 eos
3211 1482 3313 1565 qui
3345 1500 3461 1543 non
3489 1499 3625 1542 cre-

1982 1570 2285 1643 diderunt,
2338 1574 2437 1654 qui
2488 1575 2612 1654 jam
2656 1574 2906 1653 judicati
2951 1580 3108 1652 sunt;
3159 1569 3458 1633 secundus
3491 1588 3627 1631 vero

1981 1659 2093 1720 erit
2113 1668 2175 1720 ut
2204 1680 2412 1724 omnes
2430 1663 2749 1743 judicet,et
2776 1662 3095 1744 unicuique
3124 1660 3451 1723 secundum
3487 1675 3624 1739 ope-

1978 1766 2046 1810 ra
2074 1768 2181 1811 sua
2200 1749 2393 1815 faciat.

334 1954 357 1988 α
400 1943 439 1991 Ο
499 1932 760 1989 πιστεύων
832 1933 904 1993 εἰς
953 1932 1042 1986 τὸν
1088 1931 1228 2008 Υἱὸν,
1290 1931 1349 1985 οὒ
1376 1929 1626 2008 κρίνεται’
1661 1931 1687 1984 6
1717 1928 1771 1984 δὲ
1814 1930 1891 2005 μὴ

2054 1929 2433 1993 VEBSJ8-21
2453 1980 2462 1990 .
2479 1931 2823 2003 «Quicredit
2843 1932 2901 1992 in
2915 1928 3618 2010 Filium,nonjudicatur:

1979 2018 2078 2097 qui
2110 2037 2252 2079 vero
2275 2038 2391 2081 non
2440 2021 2653 2097 credit,
2696 2023 2818 2100 jam
2844 2020 3147 2100 judicatus
3173 2026 3285 2099 est,
3321 2018 3459 2099 quia
3506 2037 3623 2079 non

1978 2106 2299 2168 crediditin
2324 2128 2540 2171 nomen
2554 2110 2844 2187 unigeniti
2867 2108 2999 2171 Filii
3026 2106 3298 2171 Dei.Hzec
3317 2116 3408 2169 est
3424 2115 3620 2169 autem

1981 2195 2416 2269 condemnatio,
2449 2199 2605 2279 quod
2660 2200 2757 2260 lux
2807 2199 2966 2261 venit
3003 2197 3064 2259 in
3098 2198 3408 2272 mundum,
3434 2203 3490 2257 et
3523 2194 3621 2255 div

1982 2284 2253 2347 lexerunt
2278 2287 2551 2350 homines
2583 2288 2771 2367 magis
2801 2287 3075 2350 tenebras
3104 2305 3278 2367 quam
3314 2284 3621 2348 lucem.E-

1983 2383 2112 2435 rant
2134 2378 2293 2437 enim
2316 2395 2520 2439 eorum
2546 2397 2727 2459 opera
2746 2375 3139 2440 mala.0mnis
3159 2376 3319 2437 enim
3346 2375 3447 2455 qui
3473 2374 3625 2436 mala

1982 2464 2253 2543 agit,odit
2282 2465 2620 2547 lucem,nec
2647 2466 2806 2528 venit
2835 2466 2909 2527 ad
2941 2468 3159 2546 lucem,
3196 2483 3270 2526 ne
3304 2472 3628 2543 arguantur

1983 2571 2165 2632 opera
2194 2554 2401 2634 ipsius.
2427 2555 2538 2629 Qui
2567 2565 2764 2618 autem
2793 2563 3072 2636 operatur
3101 2555 3434 2627 veritatem,
3469 2552 3629 2614 venit

252 2648 280 2701 6
337 2644 392 2702 δὲ
444 2651 612 2702 ποιῶν
667 2645 763 2713 τὴν
820 2643 1096 2717 ἀλήθειαν,
1154 2641 1368 2723 ἔρχεται
1438 2645 1568 2722 πρὸς
1645 2646 1705 2700 τὸ
1761 2650 1895 2719 φῶς,

1990 2642 2054 2702 ad
2088 2643 2714 2727 lucem,utconspicua
2747 2646 2888 2707 fiant
2917 2646 3068 2707 facta
3096 2644 3308 2724 ipsius,
3340 2642 3497 2723 quod
3522 2659 3631 2723 per

252 2736 346 2792 ἵνα
405 2738 679 2816 φανερωθῇ
737 2735 896 2791 αὒτοῦ
964 2734 1029 2789 τὰ
1096 2732 1248 2816 ἔργα,
1307 2731 1387 2789 ὅτι
1434 2736 1489 2789 εν
1588 2740 1702 2807 Θεῷ
1759 2733 1899 2790 ἐστιν

1990 2730 2171 2794 Deum
2204 2736 2323 2796 sint
2353 2734 2568 2799 facta.»
2604 2735 2756 2809 Quid
2790 2744 2904 2816 ett,
2948 2733 3087 2807 .Qui
3111 2731 3385 2794 creditin
3409 2730 3624 2794 Filium

254 2815 592 2905 εἰργασμένα,
650 2841 679 2881 ι
724 2823 784 2880 Τί
804 2821 1000 2905 ’ἐστ’ν,
1042 2844 1077 2885 «ν
1127 2815 1185 2879 Ὀ
1215 2822 1475 2877 πιστεύων
1506 2823 1578 2885 εἰς
1608 2823 1698 2878 τὸν
1750 2823 1893 2895 ι’ἱὸν,

1990 2819 2120 2881 545
2140 2841 2257 2885 non
2285 2824 2612 2904 iudicatur?
2655 2851 2673 2881 ο
2702 2815 2980 2905 Nunquid
3004 2824 3053 2884 si
3084 2820 3451 2883 immundam
3481 2838 3624 2897 ege-

254 2897 313 2973 ού
345 2897 598 2993 ’κρίνεται
634 2931 651 2985 ς
728 2929 757 2970 ι
804 2897 934 2990 Ἀρα
982 2897 1105 2990 γὰρ,
1166 2909 1254 2966 ἐὰν
1287 2910 1576 2989 ἀκάθαρτον
1620 2910 1728 2990 ἔχη
1758 2910 1893 2986 βίον,

1990 2910 2057 2971 rit
2087 2897 2436 2991 vitam,'non
2477 2914 2810 2993 judicatur‘?
2859 2897 3112 2977 Maxime
3169 2909 3435 2991 quidem.
3497 2906 3627 2971 Non

256 3005 313 3058 οὗ
373 3002 601 3081 κρίνεται
650 3016 666 3074 ;
700 2997 943 3055 Μάλιστα
1010 2998 1106 3074 μὲν
1164 2999 1283 3062 τούς
1316 2999 1582 3062 τοιούτους
1613 2998 1727 3055 οὐδὲ
1758 3022 1897 3077 γνη-

1990 3000 2141 3062 enim
2174 3019 2311 3063 vere
2343 3002 2550 3064 fideles
2581 3012 2717 3065 sunt
2754 3002 3074 3083 ejusmodi,
3099 3008 3161 3060 ut
3192 3000 3408 3062 Paulus
3433 2998 3578 3059 dicit
3610 3020 3623 3057 :

256 3091 381 3151 σίως
439 3091 653 3153 πιστοὺς
709 3092 736 3145 6
796 3087 1001 3152 Παῦλός
1074 3110 1229 3166 φησι,
1302 3109 1325 3141 (ι
1391 3088 1520 3145 Θεὸν
1544 3088 1666 3165 γὰρ,
1714 3089 1896 3169 φησὶν,

1990 3114 2016 3145 α
2043 3091 2227 3150 Deum
2261 3090 2443 3161 enim,
2478 3091 2685 3171 inquit,
2714 3092 2969 3153 fatentur
3018 3108 3084 3151 se
3128 3090 3304 3162 scire,
3347 3086 3628 3167 operibus

258 3178 606 3258 ὁμολογοῦσιν
641 3177 855 3257 εἰδέναι,
887 3190 1006 3241 τοῖς
1050 3175 1101 3233 δὲ
1134 3175 1307 3255 ἔργοις
1339 3176 1631 3254 ἀρνοῦνται,
1672 3201 1694 3231 ιι
1753 3175 1901 3243 Πλὴν

1990 3186 2176 3239 autem
2196 3180 2758 3259 negant81.»Verum
2791 3187 2989 3243 tamen
3007 3179 3118 3241 hoc
3139 3178 3267 3239 loco
3295 3176 3625 3254 dicit,quod

258 3268 474 3325 ἐνταῦθα
523 3268 676 3325 τοῦτό
735 3288 919 3347 φησιν,
978 3263 1060 3321 ὅτι
1117 3265 1239 3322 κατ’
1270 3265 1396 3321 αὐτὸ
1424 3267 1575 3322 τοῦτο
1602 3267 1898 3322 τῆπιστεῦ-

1990 3274 2230 3348 propter
2255 3268 2447 3349 ipsum
2470 3270 2718 3331 credere
2751 3288 2868 3332 non
2894 3266 3397 3349 judicatur:dabit
3429 3274 3626 3327 autem

261 3381 368 3437 σαι,
430 3356 488 3415 οὗ
542 3346 792 3435 κρίνεται⁸
851 3362 957 3411 τῶν
990 3360 1169 3430 μέντοι
1212 3360 1457 3434 πονηρῶν
1516 3354 1682 3433 ἔργων
1725 3354 1901 3436 χαλε·-

1992 3346 2191 3435 pmnas
2216 3346 2419 3435 graves
2451 3359 2736 3421 malorum
2762 3346 3008 3439 operum
3048 3376 3059 3416 :
3086 3364 3327 3438 propter
3355 3354 3630 3418 incredu-

259 3447 496 3527 πωτέρας
581 3446 793 3510 εὖθύνπς
860 3443 1039 3500 δώσει·
1102 3444 1345 3508 ἀπιστίας
1391 3442 1445 3499 δὲ
1509 3443 1687 3501 ἕνεκεν
1717 3449 1777 3504 οὗ
1804 3467 1904 3501 κο-

259 3522 492 3605 λάζεταιο
567 3530 702 3598 ἅπαξ
755 3533 854 3611 γὰρ
898 3532 1222 3592 ἐπίστευσεν.
1264 3554 1289 3585 α
1329 3522 1384 3589 Ὀ
1412 3530 1574 3607 δὲμὴ
1623 3534 1904 3604 πιστεύων,

260 3621 362 3690 ἢδη
420 3622 675 3700 κέκριται.
744 3645 771 3676 »
830 3624 999 3700 Πῶς;
1064 3626 1276 3697 Πρῶτον
1302 3621 1424 3696 μὲν,
1459 3620 1537 3677 ὅτι
1571 3623 1654 3678 καὶ
1710 3623 1843 3689 αὕτη
1873 3624 1906 3690 ἡ

264 3713 475 3769 ἀπιστία
535 3712 837 3787 κατάκρισίς
894 3710 1030 3772 ἐστι,
1094 3712 1166 3768 Τὸ
1222 3712 1323 3789 γὰρ
1394 3710 1546 3775 ἐκτὸς
1621 3712 1762 3768 εἶναι
1818 3720 1910 3769 τοῦ

264 3802 457 3880 φωτὸς,
520 3801 643 3856 αὒτὸ
713 3800 875 3874 μόνον
945 3800 1171 3877 τιμωρία
1204 3799 1455 3877 μεγίστη.
1493 3798 1736 3857 ’Ἔπειτα
1763 3802 1909 3877 εἰμὴ

263 3892 347 3947 καὶ
385 3891 618 3946 ἒντεῦθεν
674 3886 777 3956 ἤδη
834 3894 901 3964 τῇ
950 3887 1138 3966 γεέννῃ
1196 3885 1418 3959 δίδοται,
1494 3886 1612 3944 ἀλλ’
1685 3892 1771 3946 οὗν
1816 3892 1909 3953 τὰς

267 3980 502 4060 ἀφορμὰς
555 3984 654 4045 τῆς
727 3977 1025 4055 μελλούσης
1082 3977 1333 4057 τιμωρίας
1409 3976 1641 4035 ἐντεῦθεν
1696 3979 1904 4047 συν-ἦξεσ

267 4068 498 4145 καθάπερ
556 4068 643 4123 καὶ
713 4069 740 4123 6
806 4061 1017 4146 φονεὺς,
1079 4064 1174 4121 κᾶν
1243 4066 1319 4139 μὴ
1363 4070 1431 4141 τῇ
1461 4067 1628 4147 ψήφῳ
1671 4069 1764 4124 τοῦ
1792 4070 1907 4146 κρί-

160 4217 169 4223 ,
269 4178 443 4220 νοντος
512 4154 892 4235 καταθικασθῇ,
950 4160 1017 4220 τῆ
1086 4163 1178 4213 τοῦ
1260 4154 1565 4233 πράγματος
1635 4154 1909 4212 καταδεδίο

269 4267 452 4302 κασται
503 4246 672 4325 φύσει·
734 4248 821 4302 καὶ
882 4234 914 4301 '6
968 4234 1158 4317 ’Ἀδὰμ
1200 4240 1276 4314 δὲ,
1310 4245 1345 4317 ᾗ
1376 4246 1546 4322 ἡμέρᾳ
1577 4243 1769 4323 ἔφαγεν
1808 4244 1912 4301 ἀπὸ

267 4342 356 4392 τοῦ
414 4334 584 4403 ξύλου,
640 4333 886 4407 ἀπέθανε,
952 4332 1119 4388 καίτοι
1192 4330 1311 4403 ἔζη,
1362 4330 1499 4387 ἀλλά
1526 4339 1595 4407 τῇ
1646 4334 1909 4413 ἀποςράσει

269 4426 352 4481 καὶ
405 4429 474 4501 τῇ
530 4430 622 4481 τοῦ
673 4426 987 4503 πράγματος
1058 4423 1206 4502 φύσει
1247 4422 1513 4489 τεθνηκὼς
1544 4422 1633 4489 ἦν.
1671 4428 1779 4487 Πᾶς
1824 4422 1912 4478 οὖν

271 4513 513 4586 ἄπιστος,
573 4514 883 4592 κατάκριτός
948 4510 1087 4567 ἐστιν
1140 4511 1371 4567 ἐντεῦθεν
1441 4510 1565 4579 ἤδη,
1597 4513 1669 4575 ὡς
1699 4518 1766 4589 τῇ
1812 4535 1912 4569 κο-

1988 3445 2211 3508 litatem
2240 3459 2435 3511 autem
2469 3467 2640 3526 quam
2677 3467 2794 3510 non
2821 3448 3148 3521 habet,non
3176 3446 3492 3526 punietur:
3529 3462 3629 3504 se-

1991 3535 2107 3597 mel
2136 3536 2293 3597 enim
2320 3537 2588 3601 credidit.
2630 3565 2651 3595 ιι
2678 3539 2749 3598 Αι
2780 3538 2881 3618 qui
2912 3556 3027 3598 non
3053 3535 3326 3611 credidit,
3376 3535 3499 3614 jam
3527 3535 3655 3613 ju-r

1991 3624 2221 3686 dicatus
2244 3625 2744 3699 est.»Quomodo?
2779 3627 3042 3690 Primum
3075 3624 3317 3705 quidem
3350 3623 3628 3704 quoniam

1994 3722 2051 3774 et
2079 3713 2208 3795 ipsa
2237 3714 2624 3778 incredulitas
2670 3714 3087 3778 condemnatio
3126 3722 3216 3776 est
3248 3730 3422 3795 :iesse
3474 3712 3634 3774 enim

1997 3793 2156 3855 extra
2185 3795 2401 3863 lucem,
2460 3815 2566 3875 per
2619 3815 2682 3857 se
2741 3796 3059 3858 maximum
3120 3793 3478 3874 supplicium
3507 3799 3629 3865 est;

1994 3882 2208 3945 deinde
2228 3885 2497 3965 quamvis
2532 3905 2649 3947 non
2670 3886 2765 3947 hic
2797 3887 3090 3963 gehennae
3124 3883 3373 3947 traditus
3400 3881 3497 3963 sit,
3531 3880 3634 3942 sed

1993 3974 2371 4051 congregavit
2401 3975 2495 4036 hic
2520 3975 2699 4037 futuri
2729 3974 3009 4055 supplicii
3031 3970 3561 4047 occasiones,sicut
3582 3978 3641 4031 et

1996 4061 2555 4134 homicida,tametsi
2578 4082 2698 4124 non
2728 4064 3020 4125 sententia
3035 4061 3259 4141 judicis
3277 4061 3637 4122 condemne-

1998 4160 2111 4225 tur,
2146 4159 2353 4213 natura
2382 4161 2578 4214 tamen
2609 4154 2695 4214 rei
2743 4153 3175 4213 condemnatus
3201 4158 3309 4211 est.
3351 4149 3421 4211 Et
3450 4148 3637 4210 Adam

1996 4240 2095 4302 die
2111 4260 2227 4321 quo
2260 4242 2520 4302 comedit
2550 4242 2624 4303 de
2644 4242 3107 4322 ligno,mortuus
3137 4237 3639 4318 est89etquamvis

2003 4330 2239 4406 viveret,
2272 4332 2566 4391 sententia
2584 4339 2781 4392 tamen
2800 4343 2857 4393 et
2884 4338 3095 4391 natura
3113 4328 3201 4391 rei
3225 4323 3637 4389 mortuusfuit.

1995 4419 2203 4480 Omnis
2234 4419 2416 4498 igitur
2444 4419 2795 4482 incredulus
2822 4419 2917 4482 hic
2926 4420 3047 4499 jam
3071 4417 3503 4479 condemnatus
3525 4421 3636 4489 est,

1997 4516 2057 4568 ut
2087 4508 2187 4590 qui
2233 4509 2477 4573 omnino
2509 4509 2798 4590 supplicio
2833 4506 3155 4571 tradendus
3184 4514 3299 4577 est,
3335 4513 3391 4566 et
3421 4524 3540 4566 non
3578 4505 3638 4566 in

272 4600 415 4658 λάσει
490 4602 704 4663 πάντως
761 4598 1287 4679 παραδοθησόμενος,
1349 4600 1434 4655 καὶ
1492 4598 1607 4658 οὐδὲ
1634 4603 1706 4664 εὶς
1738 4604 1904 4680 κρίσιν

1990 4596 2926 4699 judiciumproducendus,juxta
2956 4595 3300 4699 illud,fo‘on
3332 4601 3643 4674 resurgent

273 4691 663 4770 ἀχθησόμενος,
699 4692 834 4747 κατά
882 4692 969 4760 τὸ,
1021 4713 1045 4743 α
1114 4692 1221 4747 Οὔκ
1277 4688 1666 4758 ἀναστήσονται
1698 4689 1904 4757 ἀσεϐεῖς

1997 4686 2167 4766 impii
2191 4687 2248 4748 in
2277 4687 2497 4766 judicio
2519 4689 2643 4752 85..
2684 4688 2913 4767 lndigni
2946 4689 3102 4750 enim
3136 4686 3431 4748 habentur
3462 4694 3523 4746 ut
3554 4702 3644 4745 ra-

274 4780 325 4835 ἐν
373 4781 559 4858 κρίσει⁸
620 4799 648 4838 )
706 4778 821 4835 οὐδὲ
893 4780 991 4855 γὰρ
1051 4776 1213 4854 λόγου
1279 4776 1541 4841 ἀξιοῦνται
1588 4781 1632 4835 οἰ
1671 4780 1910 4853 ἀσεϐεῖς,

272 4855 443 4935 ὥσπερ
500 4857 616 4918 οὗδέ
674 4860 701 4915 ό
751 4857 1017 4921 διάϐολος,
1074 4855 1163 4913 Ἐν
1196 4856 1367 4913 καίσει
1399 4859 1496 4933 μὲν
1530 4861 1616 4915 οὖν
1646 4861 1741 4917 οὒκ
1779 4862 1914 4918 ἀνα-

278 4951 582 5025 στήσονται,
683 4948 735 5003 ἐν
794 4946 1101 5025 κατακρίσει
1145 4944 1218 5001 δέ.
1253 4945 1403 5002 Οὕτω
1432 4949 1517 5003 καὶ
1547 4947 1599 5002 ἐν
1632 4957 1707 5024 τῷ
1740 4953 1914 5027 Εὔαγ-

277 5034 432 5115 γελίῳ
486 5038 642 5117 φησὶν
702 5038 729 5092 ὁ
793 5038 1000 5115 Κύριος,
1036 5033 1115 5091 ὅτι
1150 5037 1176 5090 6
1227 5032 1410 5115 ἅρχων
1440 5044 1531 5093 τοῦ
1561 5038 1763 5112 κόσμου
1793 5041 1919 5096 τού-

276 5148 385 5198 τοι),
473 5124 578 5193 ἢδη
626 5127 887 5204 κέκριται,
949 5127 1007 5181 οὗ
1068 5124 1231 5198 μόνον
1306 5124 1378 5185 ὡς
1412 5125 1565 5188 αὐτός
1598 5127 1917 5203 ἀπιστοίσας,

279 5214 410 5270 ἀλλὰ
459 5216 546 5270 καὶ
600 5214 692 5271 τόν
749 5214 948 5272 Ἰούδαν
1011 5210 1275 5290 προδότην
1350 5214 1599 5284 ποιήσας,
1663 5219 1749 5272 καὶ
1803 5232 1921 5283 τοῖς

281 5302 457 5365 ἀλλοις
509 5303 603 5371 τῆς
660 5303 929 5366 ἀπωλείας
987 5303 1217 5378 γεγονὼς
1290 5301 1558 5378 πρόξενος.
1594 5303 1779 5362 Εἰδὲὸ
1814 5308 1921 5365 Κύ-

282 5414 385 5470 ριος
454 5392 509 5449 ἐν
566 5390 899 5472 παραϐολαῖς
959 5391 1160 5467 εἰσάγει
1227 5392 1348 5453 τοὺς
1432 5390 1923 5470 κολασθησομένους

281 5480 437 5559 λόγου
487 5482 846 5558 ἀξιουμένους,
907 5480 983 5557 μὴ
1069 5480 1369 5556 θαυμὰσῃς’
1431 5484 1637 5560 πρῶτον
1690 5484 1786 5559 μὲν
1845 5486 1924 5543 ὅτι

353 5640 419 5691 80
444 5642 621 5701 Rom.
654 5656 740 5714 ιιι,
774 5638 874 5704 23.

961 5639 1015 5690 8¹
1048 5637 1170 5701 Tit.
1193 5654 1238 5708 ι.
1276 5637 1375 5702 16.
1464 5638 1524 5689 8’
1551 5638 1701 5707 Gen.
1738 5661 1824 5719 ιιι,
1852 5646 1952 5709 17.

2001 4774 2221 4836 tionem
2258 4776 2399 4838 dent
2430 4778 2618 4859 impii,
2654 4778 2804 4839 sicut
2833 4787 2891 4837 et
2921 4776 3217 4838 diabolus.
3256 4777 3318 4838 ln
3344 4774 3641 4855 judicium

1998 4862 2178 4943 igitur
2209 4883 2325 4927 non
2348 4875 2683 4945 resurgent,
2718 4865 2820 4928 sed
2850 4866 2909 4927 in
2941 4865 3530 4927 condemnationem.
3563 4861 3647 4925 Ita

2001 4961 2058 5014 et
2088 4953 2147 5015 in
2178 4953 2489 5034 Evangelio
2517 4957 2659 5019 dicit
2692 4953 3158 5038 Dominus,quod
3176 4954 3450 5035 princeps
3471 4952 3649 5032 hujus

2010 5043 2375 5123 mundi,jam
2400 5046 2701 5126 judicatus
2733 5054 2822 5107 est
2851 5045 2934 5121 84,
2970 5063 3085 5105 non
3117 5043 3308 5105 solum
3332 5040 3487 5123 quod
3524 5042 3649 5122 ipse

2008 5149 2125 5216 non
2147 5134 2490 5216 crediderit,
2525 5135 2628 5216 sed
2663 5134 2816 5216 quod
2848 5142 2906 5216 et
2931 5134 3138 5216 ludam
3171 5131 3531 5216 proditorem
3566 5131 3654 5216 fe—

2006 5212 2177 5293 cerit,
2215 5221 2273 5276 et
2302 5216 2432 5276 aliis
2477 5210 2831 5296 perditionis
2880 5214 3052 5279 fuerit
3105 5210 3332 5274 auctor.
3372 5210 3650 5283 Quamvis

2005 5309 2200 5362 autem
2236 5305 2524 5367 Dominus
2579 5304 2641 5365 in
2686 5303 2983 5385 parabolis
3023 5301 3275 5363 adducat
3322 5301 3651 5380 puniendos

2007 5391 2176 5471 quasi
2199 5410 2301 5454 eos
2328 5412 2361 5454 a
2391 5394 2607 5475 quibus
2638 5400 2905 5455 sumatur
2931 5390 3107 5465 ratio,
3142 5408 3218 5452 ne
3252 5388 3651 5452 mireris.Pri-

2010 5499 2169 5542 mum
2204 5482 2444 5563 quidem
2476 5502 2547 5547 eo
2578 5482 2839 5565 ipso,qui
2890 5478 3185 5562 parabon
3232 5487 3371 5541 sunt
3412 5497 3482 5541 ea
3525 5498 3657 5560 quas

2037 5644 2101 5694 83
2124 5642 2277 5705 Psal.
2311 5662 2355 5719 ι,
2389 5647 2447 5710 5.
2534 5644 2598 5694 84
2625 5644 2798 5708 Joan.
2830 5656 2954 5722 xv1,
2988 5641 3086 5704 11.
