4060 6294
476 348 627 413 1219

1409 354 1771 417 ΤΗΕΟΡΗΥ
1783 351 2004 417 LACTI
2048 348 2145 411 BU
2159 352 2468 414 LGARIE
2513 351 2871 418 ARCHIEP.

3718 360 3925 424 l2?!)

464 504 609 565 pere
639 486 917 567 quiddam
945 487 1058 549 nisi
1089 487 1264 550 fuerit
1290 488 1347 550 ei
1376 487 1574 550 datum
1608 507 1642 551 e
1665 488 1835 550 caelo.
1878 514 1903 544 ι)
1931 490 2101 551 Facta

2188 488 2389 564 Ορωπος
2461 485 2748 563 λαμϐάνειν
2808 489 2978 571 οὐδὲν,
3040 493 3132 549 ἐὰν
3198 493 3275 569 μὴ
3308 495 3344 561 ἧ
3391 492 3701 550 δεδομένον
3734 496 3927 568 αὒτᾷ

463 577 805 656 εειίιιιεεειίο
828 576 903 638 de
926 576 1279 655 baptismate.
1308 577 1593 640 adversus
1609 578 1882 640 Judaeum
1907 597 2082 659 quem

462 664 594 725 dam
627 665 2114 746 contendentibusdiscipulisJoannis.NamJudaeus

460 752 701 832 quidem
724 751 1074 833 praeferebat
1093 754 1277 835 bapti~
1292 775 1385 816 ma
1406 755 1837 836 discipulorum
1864 756 2107 820 Christi:

461 842 737 922 discipuli
756 851 954 904 autem
974 844 1227 907 Joannis
1242 844 1638 923 baptismasui
1669 846 2106 924 magistriJlum

462 950 601 1011 ergo
631 931 707 993 de
730 930 1162 1012 puriﬁcatione.
1200 935 1311 995 hoc
1341 945 1430 996 est
1463 934 1773 1016 baptismo,
1796 936 2107 1015 quaesitum

461 1029 641 1095 esset,
663 1021 955 1083 accedunt
984 1022 1057 1082 ad
1095 1023 1438 1102 magistrum
1477 1043 1679 1099 suum,
1715 1036 1771 1085 et
1820 1024 2108 1104 incipiunt

461 1108 658 1172 obiter
686 1111 963 1172 vellicare
990 1129 1151 1187 eum,
1188 1112 1455 1173 dicentes
1491 1134 1503 1176 :
1547 1138 1565 1168 ι
1602 1112 1813 1188 Rabbi,
1847 1113 1952 1194 qui
1983 1122 2108 1175 erat

461 1198 826 1280 tecum,:qui
850 1200 907 1259 in
937 1200 1147 1262 ordine
1172 1209 1299 1262 erat
1330 1201 1901 1281 discipulorum,uta
1923 1202 2106 1264 tedis-

453 1287 1020 1367 cessit,-baptizat:n
1048 1324 1088 1335 ς
1120 1289 1256 1353 «Cui
1288 1297 1347 1351 tu
1376 1291 1777 1352 testimonium
1806 1290 2046 1355 dedisti.
2078 1316 2098 1349 ιι

450 1375 571 1437 Hoc
598 1384 706 1451 est,
741 1396 917 1456 quem
953 1377 1282 1457 baptizasti,
1319 1399 1495 1459 quem
1539 1388 1595 1440 tu
1626 1380 1850 1441 clarum
1882 1381 2097 1457 fecisti,

452 1465 664 1526 eadem
698 1484 857 1527 nunc
889 1468 1070 1528 audet
1100 1488 1231 1548 quae
1274 1478 1354 1529 tu.
1415 1467 1529 1530 Sed
1587 1478 1645 1530 et
1700 1470 1899 1531 aliud:
1947 1472 2019 1529 ad
2051 1478 2106 1530 te

452 1553 599 1614 nulli
632 1571 788 1616 nunc
819 1555 1167 1631 veniunt,ad
1203 1557 1366 1618 illum
1404 1576 1541 1618 vero
1579 1577 1812 1620 omnes:
1845 1557 2098 1631 Omnes,

452 1644 642 1723 inquit
688 1644 932 1706 veniunt
983 1645 1057 1706 ad
1118 1664 1277 1727 eum,
1336 1656 1677 1728 contempto
1711 1657 1787 1710 te.
1843 1646 2106 1710 Joannes

450 1743 643 1795 autem
666 1734 865 1794 volens
877 1752 978 1795 eos
1002 1743 1317 1807 terrere,et
1338 1739 1657 1799 ostendere
1673 1737 1829 1818 quod
1850 1746 2107 1817 pugnent

452 1830 658 1885 contra
677 1824 1275 1904 Deum,prohibentes
1294 1827 1677 1895 Christum.el
1693 1827 2105 1890 abstralientes
2130 1820 2167 1870 Β

447 1931 481 1971 a
504 1912 931 1991 gloriticatione
954 1914 1269 1995 ejus,dicit
1300 1937 1312 1978 :
1347 1938 1373 1974 ι
1395 1914 1520 1977 Non
1557 1923 1749 1997 potest
1789 1918 1967 1977 homo
1988 1934 2022 1977 a
2041 1934 2105 1979 se

452 2002 773 2082 quidquam
805 2003 1419 2085 accipere,retc.Nam
1456 2008 1567 2067 nisi
1593 2006 2102 2087 superne,inquit,

448 2091 645 2151 datum
681 2102 859 2172 esset,
895 2092 1236 2173 neutiquam
1271 2096 1560 2157 crevisset
1596 2096 1668 2170 is,
1708 2096 1802 2156 cui
1832 2095 1974 2154 548
2006 2094 2097 2154 in-

451 2180 686 2261 videtis;
725 2191 781 2242 et
811 2181 892 2241 ita
924 2184 981 2244 in
1007 2182 1238 2245 duobus
1259 2184 1516 2263 peccatis
1546 2207 1556 2246 :
1588 2204 1720 2245 nam
1746 2183 2110 2248 etcontrarii

464 2269 606 2332 estis
632 2270 833 2335 divino
861 2271 1133 2345 consilio,
1168 2282 1224 2335 et
1253 2277 1554 2335 attentatis
1584 2272 1975 2353 impossibile.
2008 2275 2106 2333 ln-

469 2360 641 2422 terim
666 2367 863 2420 autem
888 2369 945 2420 et
970 2362 1307 2422 consolatur
1328 2381 1431 2425 eos
1455 2362 1788 2442 placide,eo
1810 2363 1964 2444 quod
1990 2381 2106 2423 non

464 2448 537 2509 sit
568 2449 745 2509 homo
778 2450 876 2529 qui
908 2449 1099 2511 vincat
1120 2450 1303 2530 ipsos,
1336 2452 1439 2513 sed
1482 2454 1661 2515 Deus.
1699 2452 1849 2523 Quin
1881 2459 1943 2516 et
1976 2471 2105 2527 nos,

465 2536 674 2615 inquit,
701 2556 961 2614 superne
984 2538 1295 2601 habuimus
1339 2543 1492 2621 quod
1552 2541 1888 2616 habuimus,
1924 2560 2040 2601 non
2072 2559 2106 2603 a

468 2625 662 2688 nobis.
696 2625 861 2698 Quod
894 2627 941 2687 si
976 2628 1355 2707 praeclariora
1385 2638 1523 2690 sunt
1571 2649 1699 2710 qua;
1745 2631 1864 2709 agit
1895 2629 2102 2692 Chris-

466 2727 579 2788 tus,
615 2735 734 2777 non
767 2726 996 2797 oportet
1028 2721 1334 2783 admirari.
1365 2722 1522 2783 Deus
1555 2720 1710 2780 enim
1744 2722 1882 2782 vult.

546 2806 947 2870 Vens.‘28-30.
965 2808 1115 2886 «Ipsi
1141 2828 1241 2869 vos
1268 2803 1458 2870 testes
1489 2808 1630 2870 estis
1648 2808 1804 2889 quod
1827 2808 2103 2889 dixerim,

460 2896 590 2957 Non
615 2914 746 2956 sum
771 2914 882 2976 ego
914 2896 1313 2959 Christuszsed
1351 2898 1563 2959 missus
1594 2916 1723 2958 sum
1757 2906 1893 2959 ante
1914 2898 2102 2959 illum.

460 2982 572 3055 Qui
604 2984 780 3046 habet
809 3004 1114 3066 sponsam,
1163 3005 1415 3067 sponsus
1448 2996 1538 3049 est
1584 3005 1596 3050 :
1650 2987 1877 3049 amicus
1906 2995 2105 3049 autem

463 3074 686 3153 sponsi,
722 3074 825 3152 qui
850 3083 957 3135 suat
990 3083 1048 3136 et
1079 3075 1240 3136 audit
1271 3095 1430 3149 eum,
1465 3077 1675 3153 gaudio
1719 3078 1932 3153 gaudet
1964 3091 2105 3156 pro-

460 3170 591 3243 pter
623 3182 829 3225 vocem
863 3164 1218 3245 sponsi.lloc
1249 3177 1443 3227 autem
1476 3165 1755 3243 gaudium
1779 3184 1976 3227 meum
2003 3165 2103 3225 im-
2128 3212 2167 3262 ε

461 3252 679 3333 pletum
704 3253 992 3315 estJllum
1019 3263 1247 3334 oportet
1268 3272 1667 3329 crescere,me
1691 3273 1826 3317 vero
1852 3253 2100 3316 minui.»

461 3343 599 3424 Ipsi,
627 3343 836 3423 inquit,
869 3362 970 3405 vos
989 3344 1153 3405 scitis
1176 3343 1331 3425 quod
1371 3363 1477 3423 ego
1502 3344 1907 3407 testimonium
1941 3343 2101 3424 dedi,

459 3433 613 3512 quod
667 3433 858 3512 major
905 3452 998 3493 me
1028 3434 1125 3496 sit.
1174 3434 1356 3513 Igitur
1383 3437 1433 3494 si
1482 3437 1726 3495 omnino
1780 3452 1977 3494 meum
2024 3441 2107 3495 at-

460 3522 698 3583 tenditis
731 3522 1372 3597 testimonium,discite
1404 3523 1573 3585 illum
1610 3523 1755 3585 mihi
1778 3522 2094 3601 praeferen-

457 3610 620 3673 dum.
658 3610 727 3670 Et
775 3610 884 3671 hoc
920 3619 1012 3672 est
1043 3612 1323 3690 gaudium
1358 3632 1583 3686 meum,
1636 3612 1792 3691 quod
1837 3612 1907 3672 ad
1942 3611 2102 3672 illum

459 3718 668 3761 omnes
697 3699 1007 3761 accedant.
1063 3699 1125 3762 Si
1177 3701 1417 3781 quidem
1463 3721 1580 3762 non
1633 3700 1984 3762 accessisset
2032 3699 2103 3761 ad

458 3806 740 3867 sponsum
772 3790 1130 3869 spunsa,hoc
1164 3788 1884 3870 est,p0pulus,doluissem
1906 3790 2107 3869 utique

458 3896 566 3954 ego
608 3878 948 3957 pronubus:
982 3896 1139 3939 nunc
1182 3894 1378 3941 autem
1428 3897 1560 3939 curn
1612 3878 1725 3940 hoc
1778 3879 1899 3954 tlat,
1934 3879 2106 3940 valdi-

458 3964 906 4046 gaudeo.Video
937 3967 1094 4028 enim
1127 3986 1409 4047 sponsum
1438 3968 1736 4032 Christum
1757 3968 2101 4048 loquentem

456 4072 711 4136 Sponsae,
749 4056 964 4135 pepulo
996 4056 1246 4138 scilicet,
1280 4067 1339 4119 et
1371 4057 1687 4119 docentem
1720 4058 1941 4135 ipsum.
1972 4057 2104 4118 Non

459 4144 808 4226 simpliciter
834 4152 1032 4206 autem
1063 4145 1227 4226 dixit,
1270 4144 1413 4219 «Qui
1444 4153 1614 4207 stat.»
1652 4145 2103 4209 Ostenditenim

458 4235 636 4296 tinem
670 4252 801 4296 esse
832 4251 1078 4313 operum
1097 4254 1364 4305 suorum.
1394 4248 1450 4297 et
1472 4246 1629 4298 stare
1649 4236 1773 4315 jam
1801 4254 1917 4297 non
1949 4236 2104 4297 ultra

457 4330 892 4403 operantem,et
923 4324 1078 4402 quod
1106 4341 1170 4385 se
1199 4342 1357 4384 nunc
1381 4331 1877 4406 oportetstare,et
1908 4324 2098 4384 solum

454 4413 662 4473 audire
688 4410 986 4475 Christum
1006 4412 1411 4484 d0centem,et
1427 4413 1825 4475 disserentem
1841 4431 2095 4494 sponsae.

2194 577 2255 632 ἒιι
2309 585 2401 634 τοῦ
2471 576 2708 655 ο·ἶ›ρανοῦ.
2788 604 2815 636 ι
2851 579 3097 660 Ἐγένετο
3129 584 3355 654 ζήτησις
3384 586 3509 659 περὶ
3544 592 3648 642 τοῦ
3670 583 3919 658 βαπτί-

2195 687 2395 739 σματος
2478 669 2609 747 πρὸς
2668 666 2926 751 ’ἰουδαντόν
2987 695 3104 728 τινα
3222 671 3691 751 φιλονεικούντων
3767 678 3921 729 τᾶν

2198 753 2440 813 Ἰωάννου
2496 761 2768 832 μαθητῶν.
2834 750 2893 817 ’0
2953 760 3052 837 μὲν
3098 750 3511 841 γάρἾουόαῖος,
3542 764 3611 819 τὸ
3660 762 3911 838 βάπτι-

2194 864 2303 929 σμα
2361 850 2467 900 τῶν
2535 850 2758 925 Χριστοῦ
2819 852 3072 923 μαθητῶν
3126 853 3410 929 προετίθειο
3458 855 3509 908 οἱ
3534 849 3595 907 δὲ
3630 855 3915 926 μαθηταὶ

2195 928 2458 1014 Ἰωάννου,
2520 938 2579 992 τὸ
2662 944 2753 993 τοῦ
2832 928 3175 1003 διδασκάλου,
3227 943 3577 1009 Ζητὴσαντες
3629 938 3697 996 δὲ
3760 946 3919 1019 πιρὶ

2191 1028 2283 1077 τοῦ
2338 1027 2685 1105 καθαρισμοῦ,
2748 1025 2867 1095 ἢτοι
2940 1034 3029 1085 τοῦ
3060 1028 3455 1108 βαπτίσματος,
3495 1030 3769 1108 προσίασι
3799 1038 3907 1102 ut?

2191 1111 2361 1197 αὐτῶν
2417 1110 2737 1197 διδασκάλῳ.
2791 1117 2879 1172 καὶ
2935 1116 3192 1197 ἄρχονται
3268 1118 3614 1197 παρακνίζειν
3683 1118 3902 1187 αὐτὸν

2191 1196 2460 1277 λέγοντες·
2540 1226 2567 1255 α
2647 1194 2843 1278 Ῥαϐὅὶ,
2880 1203 2938 1269 ὃς
2970 1206 3036 1272 ἦν
3070 1208 3203 1282 μετὰ
3232 1206 3349 1281 σοῦ,
3386 1231 3415 1287 ξ
3454 1210 3511 1270 ὸς
3546 1205 3712 1272 τάξιν
3747 1211 3903 1287 εἶχε

2191 1291 2452 1369 μαθητοῦ,
2478 1290 2779 1371 ἀποσχίσας
2804 1294 3117 1377 αῄβαπτίζει,
3153 1314 3181 1353 ι
3214 1328 3295 1339 —
3329 1315 3353 1351 ε
3384 1282 3449 1377 ἰθ
3482 1297 3549 1351 σὺ
3579 1282 3903 1374 μεμαρτνᾷ

2189 1399 2377 1456 ρηκας,
2458 1404 2485 1434 ι
2529 1380 2643 1436 ἀντὶ
2670 1391 2785 1453 τοῦ,
2833 1372 2845 1391 ’
2870 1392 2939 1440 Ον
2983 1385 3044 1439 σὺ
3075 1381 3387 1457 ἒϐἀπτισας,
3420 1372 3477 1440 δν
3508 1386 3577 1441 σὺ
3608 1372 3901 1464 λαμπρὸν

2188 1466 2467 1548 ἰποίησας,
2499 1471 2713 1528 τοιαῦτα
2761 1469 2849 1552 (α)
2896 1495 2977 1529 σοι
3010 1472 3205 1549 τολμᾷ’
3242 1472 3377 1530 ἀλλὰ
3429 1475 3517 1529 καὶ
3551 1472 3781 1553 ἕτερον,
3816 1478 3895 1530 τὸ

2187 1558 2268 1614 σοὶ
2328 1559 2425 1632 μὲν
2455 1559 2532 1632 μὴ
2561 1559 2855 1639 προσέχειν
2882 1562 3053 1635 τινὰς,
3106 1563 3246 1635 αῦτῷ
3285 1560 3337 1617 δὲ
3368 1564 3599 1627 πάντας.
3654 1566 3892 1624 Πάντες

2188 1647 2310 1725 γὰρ.
2371 1647 2550 1726 φησὶν,
2612 1647 2861 1727 ἔρχονται
2914 1653 3045 1727 πρὸς
3106 1652 3287 1725 αὖτὸν,
3340 1652 3888 1732 καταφρονὴααντές

2190 1756 2303 1793 σου.
2366 1732 2616 1803 Ἰωάννης
2662 1734 2715 1792 δὲ
2744 1736 2913 1794 Θέλων
2944 1740 3127 1802 αὐτοὺς
3159 1737 3480 1818 ἐκφοϐῆσαι,
3524 1743 3623 1796 καὶ
3654 1738 3885 1814 δεῖξαι,

2190 1822 2268 1879 ὅτι
2315 1829 2391 1896 τῷ
2450 1831 2566 1899 Θεῷ
2619 1823 2933 1901 πολεμοῦσι,
2994 1826 3290 1893 κωλύοντες
3339 1830 3428 1883 τὸν
3473 1831 3748 1907 Χριστὸν,
3788 1833 3891 1886 ui

2186 1919 2278 1969 τοῦ
2307 1910 2604 1984 δοξάζεσθαι
2636 1915 2789 1971 αὐτὸν
2833 1915 3196 1995 ἀπείργοντες,
3227 1917 3407 1995 φησίν·
3447 1940 3473 1970 ε
3527 1920 3607 1977 Οὐ
3638 1915 3883 1973 δύναται

2190 2000 2461 2081 ἅνθρωπος
2514 2000 2700 2059 λαϐεῖν
2758 2002 2842 2083 ἐφ’
2904 2006 3089 2061 ἑαυτοῦ
3145 2003 3313 2084 οῦδὲν,
3382 2028 3409 2059 ε
3442 2007 3529 2061 καὶ
3578 2007 3648 2060 τά
3707 2007 3871 2074 ἐξῆς.

2191 2093 2247 2148 Εἰ
2317 2093 2416 2171 γὰρ
2481 2093 2559 2167 μὴ
2613 2092 2828 2167 ἄνωθεν,
2887 2095 3037 2174 φησὶ,
3100 2091 3377 2169 δεδομένον
3458 2095 3551 2170 ἦν,
3641 2097 3753 2151 οὐκ
3812 2095 3877 2149 ἄν

2191 2179 2411 2247 ηῧΞανεν
2467 2184 2494 2237 6
2547 2181 2671 2260 παρ’
2700 2183 2847 2258 ὑμῶν
2890 2183 3264 2262 φθονούμενος.
3316 2175 3497 2239 "ttat:
3543 2180 3641 2241 δύο
3669 2185 3867 2263 ἆμαρ-

2192 2270 2375 2327 τάνετε
2432 2270 2485 2325 ἐν
2506 2276 2701 2344 ταυτῷ’
2737 2270 2791 2327 ’έν
2823 2272 2943 2346 μὲν,
2977 2273 3039 2329 τὸ
3083 2271 3436 2329 ἐναντιοῦσθαι
3468 2278 3535 2347 τῇ
3594 2280 3698 2330 τοῦ
3734 2274 3872 2329 Θεοῦ

2190 2360 2379 2437 βουλῇ·
2428 2358 2601 2438 ἕτερον
2633 2357 2710 2435 δὲ,
2744 2362 2803 2416 τὸ
2834 2360 3085 2418 ἀδύνατον
3114 2361 3433 2441 ἐπιχειρεῖν·
3473 2350 3646 2435 ’Ἅμα
3678 2358 3741 2416 δὲ
3778 2365 3867 2418 καὶ

2189 2448 2362 2527 ἠρέμα
2411 2451 2798 2527 παραμυθεῖται
2826 2449 3036 2526 αὖτοὺς,
3070 2449 3149 2506 ὅτι
3200 2452 3307 2507 Οὐκ
3364 2447 3648 2524 ἄνθρωπός
3712 2451 3861 2507 Em»

2189 2541 2217 2594 6
2250 2545 2407 2594 νικῶν
2450 2540 2610 2617 ὑμᾶς,
2640 2537 2775 2594 ἀλλὰ
2805 2539 2956 2602 escis.
2984 2538 3149 2597 Ἀλλὰ
3170 2542 3256 2597 καὶ
3284 2541 3473 2614 ἡμεῖς,
3499 2541 3694 2618 φησὶν,
3726 2539 3863 2595 ἄνω-

2188 2630 2274 2682 θεν
2295 2626 2524 2708 εἴχομεν
2554 2627 2581 2682 ὅ
2612 2627 2865 2708 εἴχομεν,
2901 2630 2993 2685 οὒκ
3022 2628 3254 2687 οἴκοθεν.
3292 2630 3345 2685 Εἰ
3394 2626 3449 2682 δὲ
3498 2629 3857 2706 λαμπρότερα

2188 2717 2253 2771 τά
2282 2724 2375 2774 τοῦ
2403 2723 2651 2794 Χριστοῦ,
2685 2718 2744 2773 οῦ
2773 2717 2885 2795 χρὴ
2915 2718 3218 2793 θαυμάζειν.
3254 2718 3384 2779 Θεὸς
3407 2718 3509 2794 γάρ
3567 2717 3847 2793 βούλεται,

2276 2826 2301 2861 α
2377 2807 2530 2863 Αὐτοὶ
2599 2807 2755 2880 ὑμεῖς
2815 2819 3127 2885 μαρτυρεῖτε
3184 2806 3323 2881 ἐμοὶ,
3397 2804 3477 2861 ὅτι
3521 2819 3715 2864 εἴποιμ
3750 2811 3851 2865 03:

2190 2895 2295 2970 εἰμὶ
2351 2896 2459 2973 ἐγὼ
2502 2894 2536 2951 δ’
2559 2897 2805 2973 Χριστὸς,
2839 2894 2959 2951 ἀλλ’
3019 2894 3099 2951 ὅτι
3159 2893 3556 2970 ἀπεσταλμένος
3606 2898 3720 2970 εἰμὶ
3753 2896 3845 2970 ἔμ-

2190 2988 2410 3061 προσθεν
2443 2984 2663 3048 ἐκείνου.
2714 2975 2771 3041 Ὀ
2802 2984 2948 3063 ἔχων
2993 2985 3090 3051 τὴν
3134 2984 3368 3063 νύμφην,
3419 2986 3648 3064 νυμφίος
3683 2985 3844 3041 ἰστὶν·

2190 3077 2218 3130 6
2266 3072 2320 3130 δὲ
2393 3073 2539 3154 φίλος
2569 3081 2662 3130 τοῦ
2694 3074 2913 3152 νυμφίου
2942 3076 2970 3129 6
3000 3074 3263 3153 ἑστηκὼς,
3295 3074 3381 3130 καὶ
3412 3073 3630 3130 ἀκούων
3663 3079 3843 3146 αὐτοῦ,

2193 3169 2335 3243 χαρᾷ
2408 3166 2581 3243 χαίρει
2638 3161 2721 3218 διὰ
2777 3163 2871 3229 τὴν
2928 3162 3107 3242 φωνὴν
3138 3169 3230 3218 τοῦ
3272 3162 3521 3241 νυμφίου.
3567 3162 3720 3229 Αὕτη
3764 3171 3847 3219 σῦν

2190 3255 2224 3320 ἡ
2290 3253 2432 3332 χαρά
2502 3254 2536 3320 ἡ
2596 3251 2700 3327 ἐμὴ
2763 3248 3133 3329 πεπλήρωται.
3193 3251 3434 3308 Ἐκεῖνον
3461 3247 3548 3307 δεῖ
3576 3251 3841 3333 abibam,

2188 3342 2283 3417 ἐμὲ
2312 3340 2367 3398 δὲ
2391 3341 2749 3399 ἐλαττοῦσθαι.
2788 3363 2814 3394 ι
2852 3342 3029 3414 Αὐτοὶ,
3090 3341 3269 3420 φησὶν,
3320 3339 3475 3415 ὑμεῖς
3520 3341 3843 3417 γινώσκετε,

2188 3430 2269 3487 ὅτι
2320 3432 2433 3510 ἐγὼ
2498 3429 2880 3509 μεμαρτύρηκα
2935 3429 3101 3503 αὐτῷ,
3148 3428 3239 3484 ὅτι
3265 3432 3458 3503 μείζων
3507 3427 3845 3503 ἰμώὶστιν,

2189 3520 2246 3578 Εἰ
2303 3520 2391 3576 οὗν
2460 3517 2597 3579 ὅλως
2654 3523 2722 3593 τῇ
2776 3518 2885 3593 ἒμῇ
2953 3517 3207 3596 μαρτυρίᾳ
3255 3516 3572 3595 προσέχετε,
3611 3519 3842 3591 μάθετε.

2189 3608 2269 3665 ὅτι
2314 3609 2516 3673 ἐκεῖνος
2571 3607 2701 3683 ἐμοῦ
2768 3603 3148 3686 προτιμητέος,
3180 3606 3267 3663 καὶ
3312 3604 3466 3661 τοῦτό
3496 3605 3643 3660 ἐστιν
3674 3606 3709 3673 ἡ
3740 3605 3853 3680 ἐμὴ

2190 3698 2356 3778 χαρά,
2409 3699 2470 3754 τὸ
2527 3695 2709 3768 ἐκείνῳ
2758 3696 2960 3757 πάντας
3027 3693 3439 3774 προσέρχεσθαι.
3474 3695 3531 3750 ΕΞ
3576 3696 3683 3769 μὲν
3742 3696 3849 3775 γὰρ

2190 3788 2267 3864 μὴ
2323 3788 2663 3865 προσήρχετο
2694 3787 2769 3859 τῷ
2813 3786 3019 3865 νυμφίῳ
3049 3784 3252 3864 νύμφη.
3295 3783 3581 3857 τουτέστιν,
3618 3786 3650 3839 6
3684 3782 3844 3861 λαὸς,

2188 3878 2308 3935 τότε
2366 3874 2426 3931 ἄν
2498 3872 2711 3953 ἦλγησα
2767 3872 2883 3953 ἐχὼ
2950 3875 2977 3928 ὁ
3032 3874 3410 3953 νυμφαγωγόςο
3457 3870 3623 3928 νῦνᾶ
3657 3874 3853 3930 τούτου

2185 3964 2492 4044 γενομένω,
2594 3968 2736 4043 χαρᾷ
2812 3962 3006 4042 χαίρω.
3069 3961 3260 4018 Βλέπω
3312 3962 3412 4040 γὰρ
3468 3962 3558 4017 τὸν
3618 3964 3851 4042 νυμφίον

2188 4056 2411 4135 Χριστὸν
2468 4060 2739 4133 φωνοῦντα
2768 4057 2836 4129 τῇ
2864 4053 3070 4131 νύμφῃ,
3103 4058 3179 4125 τῷ
3209 4050 3346 4131 λαῷ,
3376 4053 3476 4135 καὶ.
3523 4048 3847 4109 διδάσκοντα

2190 4128 2369 4204 αῦτόν.
2434 4128 2550 4222 Οῦχ
2620 4128 2819 4202 ἁπλῶς
2876 4137 2931 4195 δὲ
2983 4128 3129 4196 ἐἶπε
3160 4139 3248 4195 καὶ
3276 4128 3360 4213 τδ,
3400 4157 3431 4197 (
3464 4128 3773 4205 Ἐστηκώς.
3812 4163 3843 4195 ι

2191 4233 2425 4292 Δείκνυσι
2485 4233 2584 4309 γὰρ
2640 4228 2721 4285 ὅτι
2782 4230 2849 4286 τα
2904 4231 3062 4286 αὐτοῦ
3137 4228 3430 4304 πέπαυται,
3520 4231 3606 4284 καὶ
3682 4228 3843 4303 ἔστη,

2184 4323 2357 4382 οὐκέτι
2418 4321 2749 4399 ἐνεργοῦντα,
2807 4319 2896 4375 καὶ
2947 4316 3027 4374 ὅτι
3125 4319 3279 4375 αὐτὸν
3364 4315 3553 4373 λοιπὸν
3621 4318 3846 4374 ἑστάναι

2183 4412 2321 4492 χρὴ,
2366 4411 2453 4467 καὶ
2519 4408 2682 4485 μόνον
2729 4407 2941 4464 ἀκούειν
3016 4414 3109 4463 τοῦ
3195 4413 3419 4484 Χριστοῦ
3472 4403 3839 4488 διδάσκοντος,

453 4503 646 4562 Meum
679 4499 1081 4581 enim,inquit,
1111 4520 1259 4581 opus
1288 4501 1614 4582 perlectum
1648 4510 1757 4577 est,
1795 4509 1852 4563 et
1884 4501 2099 4562 tradidi

2188 4501 2270 4557 καὶ
2315 4496 2689 4577 διαλεγομένου
2751 4495 2880 4575 πρδς
2939 4495 3039 4563 τὴν
3106 4496 3327 4576 νύμφην,
3392 4497 3464 4553 Τὸ
3520 4497 3618 4573 γὰρ
3680 4495 3839 4573 ἀμὸν,

455 4589 568 4669 ipsi
600 4590 1164 4670 populum.0portet
1186 4590 1367 4670 igitur
1384 4608 1573 4654 meam
1594 4591 1832 4672 quidem
1855 4589 2100 4669 gloriam

453 4678 752 4753 imminui,
781 4678 941 4739 illius
970 4688 1168 4740 autem
1200 4682 1428 4758 augeri.
1456 4680 1637 4759 Igitur
1666 4680 1962 4761 quomodo
1982 4680 2100 4740 im-

456 4768 745 4831 minuitur
773 4766 962 4846 gloria
990 4766 1411 4831 Praacursoris?
1445 4770 1550 4830 Vel
1572 4769 1816 4830 omnino
1842 4769 2102 4830 sicutlu—

453 4858 599 4919 cil'er
627 4876 661 4919 a
691 4856 814 4918 sole
844 4856 1198 4935 occultatur,
1230 4871 1292 4920 et
1325 4857 1557 4920 videtur
1605 4857 1847 4939 quidem
1900 4857 2100 4921 multis

453 4947 609 5027 quod
640 4945 964 5009 extinctum
992 4945 1068 5007 sit
1098 4948 1389 5023 Iumen,at
1411 4965 1622 5009 revera
1640 4965 1756 5007 non
1775 4954 1864 5007 est
1886 4950 2098 5009 exstin—

456 5047 636 5118 ctum,
668 5036 771 5097 sed
803 5054 837 5096 a
872 5036 1079 5115 majori
1138 5038 1489 5112 occultatur,
1524 5038 1604 5098 ita
1655 5044 1716 5098 et
1764 5034 2098 5099 Prtecursor

456 5126 610 5189 'velut
643 5125 904 5188 lucifera
935 5125 1225 5205 spirituali
1268 5126 1394 5187 sole
1437 5126 1785 5204 occultatus,
1823 5125 2097 5189 imminui

453 5217 689 5281 dicitur.
722 5214 946 5278 Crescit
992 5223 1187 5276 autem
1235 5215 1522 5289 Christus,
1559 5213 1884 5277 secundum
1939 5216 2095 5296 quod

453 5305 729 5389 paulatim
766 5305 1101 5367 manifestat
1125 5324 1189 5367 se
1222 5324 1327 5386 per
1357 5305 1525 5383 signa
1548 5313 1606 5366 et
1638 5304 1941 5380 miracula,
1977 5323 2095 5366 non

452 5395 776 5459 secundum
813 5395 1139 5475 profectum
1172 5396 1230 5457 in
1254 5391 1768 5456 virtutibuszabsit:
1799 5393 1911 5454 hoc
1934 5394 2093 5455 enim

454 5485 712 5551 Nestorii
744 5484 1194 5547 deliramentum
1223 5483 1519 5547 essetzsed
1540 5483 1869 5545 secundum
1895 5492 2094 5545 osten-

457 5576 683 5639 sionem
708 5580 765 5631 et
798 5574 1329 5635 nianit‘estationem
1360 5570 1908 5635 deitatis.Paulatim
1930 5572 2090 5635 enim

457 5710 496 5731 ’κ
534 5699 618 5776 tu)
644 5693 945 5774 lnterpres
973 5696 1113 5775 legit
1146 5700 1209 5751 τά
1254 5696 1405 5758 αὐτὰ,
1435 5694 1598 5756 Enn,
1634 5695 1811 5755 Pun;

2185 4591 2366 4669 φησὶν,
2434 4586 2586 4667 ἔργον
2642 4586 2886 4657 ἢνυσται,
2934 4586 3019 4641 καὶ
3048 4582 3327 4662 παρέδωκα
3358 4586 3499 4657 αὐτῷ
3527 4585 3617 4639 τὸν
3679 4582 3840 4646 λαόν,

2184 4681 2296 4758 Χρὴ
2353 4678 2523 4734 τοίνυν
2577 4675 2677 4742 τὴν
2734 4674 2871 4750 ἐμὴν
2955 4670 3107 4738 δόξαν
3158 4672 3520 4746 ἐλαττοῦσθαι,
3594 4674 3698 4739 τὴν
3778 4674 3837 4729 δὲ

2180 4769 2377 4826 ἐκείνου
2437 4765 2693 4832 αὐξάνειν.
2758 4768 2875 4826 Πῶς
2939 4761 2993 4819 δὲ
3072 4761 3172 4838 ἄρα
3247 4761 3555 4818 ἐλαττοῦται
3614 4760 3654 4828 ἦ
3713 4760 3841 4828 δόξα

2188 4866 2272 4915 τοῦ
2303 4856 2606 4938 Προδρόμοο
2640 4874 2658 4936 ς
2730 4841 2799 4909 ἸΙ
2846 4853 3085 4928 πάντως,
3143 4851 3323 4931 ὥσπερ
3352 4854 3381 4908 6
3412 4849 3685 4931 ἑωσφόρος
3729 4853 3837 4909 ὑπὸ

2177 4957 2270 5006 τοῦ
2327 4947 2481 5016 ἡλίοά
2536 4945 2949 5023 ἀποκρύπτεται,
2981 4944 3070 4999 καὶ
3098 4940 3250 5000 δοκεῖ
3279 4942 3375 5017 μὲν
3406 4944 3522 5006 τοῖς
3573 4938 3841 5023 πολλοῖς,

2181 5038 2261 5096 ὅτι
2317 5034 2559 5094 ἕσιῗεσται
2616 5035 2677 5089 τὸ
2730 5038 2864 5112 φῶς,
2920 5036 2990 5107 τῇ
3044 5029 3101 5087 δὲ
3156 5029 3375 5103 ἀληθείᾳ
3432 5032 3525 5087 οὒκ
3554 5026 3838 5112 ἔσϐεσται,

2180 5127 2298 5184 ἀλλ’
2359 5126 2461 5182 ὑπὸ
2516 5132 2608 5182 τοῦ
2665 5122 2905 5197 μείζονος
2973 5121 3280 5199 κρύπτεται,
3352 5118 3490 5176 οὕτω
3536 5120 3623 5175 καὶ
3686 5121 3842 5199 [1,06-

2180 5216 2370 5298 δρομος
2428 5217 2453 5270 ὁ
2511 5212 2779 5293 ἑωσφόρος
2824 5212 2926 5266 ὑπὸ
2981 5220 3074 5298 τοῦ
3103 5216 3295 5298 νοητοῦ
3323 5208 3473 5277 ἡλίου
3516 5211 3839 5285 κρυπτόμε-

2180 5295 2289 5379 νος,
2327 5305 2665 5362 ἐλαττοῦσθαι
2709 5300 2943 5379 λέγεται·
2999 5297 3136 5365 αὔξει
3208 5295 3263 5354 δὲ
3295 5299 3324 5353 6
3397 5300 3641 5377 Χριστὸς,
3703 5301 3844 5364 καθὸ

2173 5397 2311 5455 κατὰ
2368 5394 2542 5474 βραχὺ
2596 5392 2829 5469 ἓκφαίνει
2889 5389 3075 5449 ἑαυτὸν
3145 5386 3228 5444 διὰ
3272 5392 3376 5443 τῶν
3419 5387 3724 5461 θαυμάτων·
3773 5393 3845 5448 οὗ

2174 5488 2310 5545 κατά
2364 5481 2641 5564 προκοπὴν
2698 5481 2797 5547 τὴν
2862 5479 2915 5536 ἐν
2980 5479 3143 5557 ἀρετῇ
3197 5474 3381 5564 αὔξων,
3424 5476 3551 5564 (μὴ1
3575 5476 3840 5564 γένοιτόε

2173 5575 2327 5633 τοῦτο
2377 5562 2478 5650 γάρ
2533 5567 2816 5647 Νεστορίου
2873 5569 2934 5624 τὸ
2970 5628 2973 5633 ,
3004 5563 3421 5646 παραλήρημα),
3506 5562 3641 5623 ἀλλά
3694 5567 3841 5625 κατὰ
