4060 6294
254 320 397 394 1221

960 310 1408 396 ENABRATIO
1434 308 1511 379 ΙΝ
1560 322 2070 395 EVANGELIUM
2116 334 2457 400 JOANNIS.
2504 370 2583 381 --
2627 336 2791 400 CAP.
2830 338 2936 400 III.

3482 339 3639 407 122?

246 469 352 537 τὴν
404 467 653 548 ἔκφανσιν
723 471 809 525 καὶ
852 466 1091 533 ἐπίδειξιν
1121 469 1215 536 τῆς
1245 463 1523 528 θεότητος.
1564 467 1691 526 Κατ’
1726 467 1898 547 ὀλίγον

1988 463 2305 527 (It-claravit
2348 486 2413 529 se
2464 467 2647 529 Deum
2703 486 2861 547 esse,
2896 477 2954 529 et
3009 488 3127 530 non
3156 480 3402 551 repente
3431 472 3631 534 simul.

250 559 378 637 γὰρ,
453 556 534 614 ὅτι
597 558 727 623 Θεός
785 558 950 637 ἐστιν,
1025 557 1281 638 ἐξέφαινε,
1350 554 1440 612 καὶ
1515 559 1612 617 οὔκ
1682 558 1897 632 ἀθρόως.

252 645 609 724 Πεπλήρωται
680 648 792 720 οῦν,
824 652 1004 727 φησιν,
1051 649 1088 714 ³η
1131 647 1236 723 ἐμὴ
1265 646 1411 729 χαρὰ
1436 645 1522 704 ἐπί
1568 653 1647 721 τῷ
1673 647 1899 726 νυμφίῳ.

252 744 327 792 Τὸ
382 737 480 815 γὰρ
550 735 729 814 ἔργον,
801 735 829 791 ὅ
883 734 1191 804 ἐπιστεύθην
1248 740 1320 801 ὡς
1365 739 1743 817 νυμφαγωγὸς,
1797 739 1903 812 ὸρῶ

251 831 641 907 προχωρῆσαν.
707 827 889 893 Πᾶσης
942 828 1114 884 τοίνυν
1144 827 1323 907 ψξχῆς
1353 829 1595 908 νυμφίος,
1629 829 1657 883 ὀ
1693 827 1896 905 Κύριος⁶

255 916 473 995 νυμφὼν
529 913 609 993 δὲ,
671 914 788 972 ἔνθα
858 917 894 983 ἡ
952 937 1200 996 συναφεια
1230 937 1455 995 γινεται,
1513 918 1540 972 ὀ
1588 918 1753 979 τόπος
1814 920 1902 971 τοῦ

250 1004 642 1081 βαπτίσματος,
700 1004 819 1073 ἦτοι
879 1007 914 1074 ἡ
973 1004 1284 1072 Ἐκκλησία.
1317 1003 1505 1062 Δίδωσι
1535 1003 1588 1061 δὲ
1630 1001 1900 1082 ἀρραϐῶνα

250 1098 324 1170 τῇ
380 1095 581 1174 νύμφῃ,
616 1096 885 1173 ἁμαρτιῶν
942 1093 1151 1175 ἄφεσιν,
1184 1095 1488 1171 Πνεύματος
1520 1096 1670 1173 ἁγίου
1712 1114 1899 1150 κοινω-

249 1183 386 1239 νίαν·
460 1185 525 1240 τὰ
555 1181 610 1239 δὲ
640 1183 933 1262 τελεώτερα
962 1184 1016 1240 ἐν
1047 1191 1123 1255 τῷ
1152 1182 1418 1259 μέλλοντι,
1456 1182 1543 1240 ὅτε
1584 1185 1649 1241 τὰ
1679 1183 1899 1261 κρείττω

249 1273 341 1329 καὶ
396 1271 701 1351 ὑψηλότερα
756 1274 1166 1352 μυσταγωγήσει
1225 1286 1340 1336 τοῖς
1374 1272 1558 1337 ἀξίοις,
1592 1273 1895 1347 Ζημείωσαι

249 1360 332 1433 δὲ,
389 1364 469 1418 ὃτι
520 1359 683 1426 οῦδεῖς
744 1360 902 1427 ἂλλος
960 1361 1069 1419 ἐστὶ
1140 1362 1385 1444 νυμφίος,
1460 1364 1503 1418 εἰ
1535 1362 1611 1437 μὴ
1662 1362 1820 1436 μόνος
1866 1362 1895 1415 ὸ

249 1449 502 1522 Χριστός.
575 1452 768 1516 πάντες
826 1449 880 1508 δέ
965 1454 1010 1508 oi
1093 1450 1446 1525 διδάσκοντες,
1548 1450 1894 1530 νυμφαγωγοί

248 1542 405 1615 εἰσιν,
463 1539 640 1619 ὥσπερ
698 1540 787 1597 οὖν
837 1543 923 1598 καὶ
954 1542 982 1596 ὁ
1015 1540 1334 1620 Ιιρόδρομος.
1372 1538 1548 1603 Οὒδεὶς
1578 1540 1677 1617 γὰρ
1733 1537 1892 1602 ἄλλος

245 1628 426 1710 δωτήρ
485 1630 596 1686 ἐστι
651 1635 758 1687 τῶν
814 1630 1049 1709 ἀγαθῶν,
1081 1632 1124 1686 εἰ
1154 1632 1233 1706 μὴ
1262 1631 1291 1687 ὀ
1325 1631 1527 1708 Κύριος·
1565 1630 1611 1687 οἱ
1657 1628 1708 1685 δὲ
1741 1626 1890 1684 ἄλλοι

1994 577 2013 607 ι
2053 552 2366 635 lmpletum
2400 557 3035 638 igitur,inquit,meum
3064 559 3343 636 gaudium
3369 561 3425 622 in
3448 580 3632 641 spon-

1986 660 2112 704 so.»
2142 643 2286 705 Nam
2322 665 2519 707 meum
2544 648 2879 727 opus,quod
2919 647 3060 709 mihi
3094 659 3157 708 ut
3191 648 3461 727 pronubo
3485 670 3633 711 con-

1987 732 2302 803 creditum,
2341 736 2510 796 video
2561 738 2903 816 profecisse.
2937 736 3143 799 Omnis
3190 737 3369 817 igitur
3417 744 3632 801 animae

1986 838 2263 898 sponsus,
2293 822 2580 885 Dominus
2618 846 2632 885 :
2667 827 2958 887 thalamus
3015 835 3209 887 autem
3270 827 3368 888 ubi
3422 829 3633 909 copula

1986 909 2072 987 tit,
2098 911 2262 971 locus
2295 912 2689 993 baptismatis,
2725 915 2835 975 hoc
2865 922 2975 986 est,
3002 913 3411 979 Ei-clesia.Dat
3432 929 3626 979 autem

1985 998 2381 1061 arrhabonem
2435 1021 2689 1081 sponsae,
2754 1011 3124 1083 peccatorum
3183 1006 3621 1080 remissionem,

1982 1088 2238 1166 Spiritus
2268 1091 2451 1151 sancti
2478 1092 2984 1153 communionem:
3020 1093 3372 1173 perfectiora
3402 1115 3540 1157 vero
3564 1098 3623 1157 in

1982 1179 2447 1252 t‘uturo,quando
2479 1180 2691 1258 dignos
2732 1179 2790 1241 in
2850 1181 3094 1242 meliora
3160 1194 3220 1241 et
3276 1183 3623 1246 sublimiora

1981 1265 2492 1328 introducet.Nota
2523 1277 2721 1329 autem
2741 1269 2895 1349 quod
2933 1269 3127 1330 nullus
3156 1270 3306 1332 alius
3326 1282 3413 1333 est
3434 1291 3620 1351 spon-

1979 1373 2101 1427 sus,
2136 1375 2312 1435 quam
2347 1356 2507 1417 solus
2529 1355 2793 1418 Christus
2823 1379 2835 1420 :
2865 1376 3074 1419 omnes
3103 1368 3296 1420 autem
3341 1360 3623 1423 docentes

1977 1447 2226 1522 pronuni
2260 1454 2420 1518 sunt,
2456 1449 2607 1506 sicut
2636 1455 2695 1507 et
2728 1450 3066 1508 l'rzecursor
3120 1468 3376 1530 quoque.
3412 1452 3621 1512 Nullus

1975 1533 2136 1593 enim
2169 1534 2319 1597 alius
2348 1535 2517 1595 dator
2541 1542 2636 1595 est
2668 1535 2981 1610 bonorum,
3016 1555 3191 1617 quam
3223 1544 3383 1599 solus
3413 1538 3617 1599 Domi-

1979 1622 2217 1683 nuszalii
2253 1632 2446 1685 autem
2480 1642 2688 1685 omnes
2719 1624 3094 1701 mediatores,
3132 1635 3189 1687 et
3222 1626 3476 1689 ministri
3506 1628 3615 1690 ho-

244 1719 464 1796 πάντες,
539 1732 778 1799 μεσῖται,
828 1721 915 1775 καὶ
962 1724 1069 1775 τῶν
1100 1720 1240 1799 παρὰ
1266 1725 1360 1776 τοῦ
1394 1720 1577 1797 Κυρίου
1604 1715 1893 1793 δεδομένων

1985 1730 2189 1773 norum
2222 1730 2351 1792 quae
2380 1730 2413 1773 a
2443 1713 2696 1775 Domino
2721 1713 2955 1777 dantur.

247 1808 461 1886 ἀγαθῶν
486 1808 741 1867 διάκονοι.

338 1917 367 1957 ε
402 1888 459 1954 Ὀ
508 1896 703 1955 ἂνωθεν
758 1897 1070 1978 ἐρχόμενος,
1132 1898 1311 1954 ἐπάνω
1381 1897 1592 1951 πάντων
1650 1894 1809 1951 ἐστίν’
1864 1897 1889 1949 ὸ

243 1990 321 2047 ὤν
367 1988 428 2046 ἐκ
478 1993 575 2055 τῆς
604 1989 727 2067 γῆς,
763 1987 823 2043 ἐκ
844 1992 942 2054 τῆς
980 1987 1080 2065 γῆς
1111 1985 1244 2060 ἐστι,
1276 1987 1365 2045 καὶ
1393 1985 1453 2041 ἐκ
1503 1989 1599 2052 τῆς
1645 1984 1742 2061 γῆς
1788 1981 1890 2039 λα-

247 2080 357 2139 λεῖ.
430 2070 488 2135 Ὀ
535 2077 595 2135 ἑκ
647 2084 739 2133 τοῦ
796 2075 1018 2153 ούρανοῦ
1073 2075 1392 2156 ἐρχόμενος,
1454 2074 1633 2129 ἓπάνω
1677 2072 1890 2128 πάντων

246 2171 358 2227 ἐστί
441 2169 527 2224 καὶ
582 2164 610 2222 ὅ
668 2166 893 2245 ἑώρακε,
952 2167 1039 2222 καὶ
1096 2164 1313 2238 ἢκουσε,
1397 2170 1548 2219 τοῦτο
1608 2174 1885 2245 μαρτυρεῖ·

244 2260 335 2316 καὶ
403 2257 502 2324 τὴν
569 2242 851 2334 μαρτυρίαν
882 2242 1065 2312 ναῦτοῦ
1136 2252 1299 2317 οὐδεὶς
1355 2250 1634 2328 λαμϐάνει,
1672 2242 1729 2308 Ὀ
1787 2249 1887 2306 λαο

244 2348 354 2406 ϐὼν
412 2346 567 2403 αὺτοῦ
636 2347 734 2412 τὴν
794 2345 1098 2424 μαρτυρίαν,
1185 2343 1493 2423 ἐσφράγισεν
1547 2340 1627 2397 ὅτι
1684 2341 1711 2396 ὁ
1761 2341 1889 2404 Θεὸς

246 2436 453 2507 ἀληθής
523 2434 688 2496 ἔστιν.
751 2427 865 2491 ’Ὃν
922 2436 1022 2514 γὰρ
1078 2432 1385 2490 ἀπέστειλεν
1458 2432 1664 2503 ὀΘεὸς,
1696 2431 1760 2485 τὰ
1784 2430 1886 2507 ῥή-

246 2546 389 2604 ματα
458 2531 551 2582 τοῦ
592 2526 723 2581 Θεοῦ
778 2523 957 2586 λαλεῖ.
1019 2523 1091 2581 Οῦ
1134 2524 1233 2601 γὰρ
1262 2521 1322 2578 ἐκ
1350 2521 1542 2599 μέτρου
1606 2518 1810 2576 δίδωσιν
1860 2520 1887 2575 ό

248 2615 377 2679 Θεὸς
449 2614 508 2670 τό
552 2618 786 2690 Πνεῦμα.
824 2637 850 2669 ι
887 2613 1159 2692 Συγκρίνει
1192 2612 1375 2670 ἑαυτόν
1404 2612 1432 2667 ὁ
1488 2607 1786 2689 Πρόδρομος
1816 2612 1891 2682 τῷ

245 2710 479 2785 Χριστῷ,
530 2702 615 2760 καί
670 2725 855 2783 φησιν,
915 2700 995 2757 ὅτι
1039 2700 1281 2765 Ἐκεῖνος
1311 2702 1409 2775 μὲν
1440 2700 1634 2755 ἄνωθεν
1674 2700 1889 2777 ἔρχεται

245 2793 308 2850 ἔκ
360 2800 454 2851 τοῦ
510 2793 736 2873 Πατρός,
809 2793 896 2849 καὶ
927 2790 1106 2849 ἐπάνω
1133 2792 1345 2848 πάντων
1377 2789 1535 2864 ἐστὶν,
1566 2787 1889 2866 ἐξῃρημένος

248 2884 463 2943 πάντων
519 2884 607 2940 καὶ
660 2883 761 2946 τὴν
827 2882 1076 2959 [ἰατρῲαν
1128 2880 1401 2959 ὓπεροχὴν
1440 2877 1754 2948 ἀποσώζωψ
1783 2876 1891 2955 ἐγὼ

247 2971 302 3028 δὲ
365 2972 424 3028 ἐκ
478 2976 581 3049 γῆς
633 2969 730 3043 ὤν,
774 2971 939 3048 γήϊνα
970 2969 1140 3043 λαλῶ,
1175 2967 1364 3034 εὖτελῆ
1392 2968 1481 3022 καὶ
1536 2966 1780 3043 ταπεινὰ,
1815 2966 1887 3029 ὡς

245 3062 377 3137 πρός
448 3082 716 3138 συγκρισιν
746 3059 842 3126 τῆς
873 3057 965 3115 τοῦ
1022 3063 1245 3137 Χριστοῦ
1286 3053 1644 3115 διδασκαλίας.
1706 3054 1889 3111 Ἐπεί-

247 3170 391 3227 τοιγε
449 3149 538 3206 καί
585 3149 650 3204 τὰ
706 3152 862 3207 αὐτοῦ
889 3154 981 3204 τοῦ
1035 3144 1361 3226 Προδρόμου,
1421 3149 1542 3201 θεῖα
1598 3146 1754 3210 ἦσαν·
1817 3146 1890 3206 ὡς

2056 1892 2236 1956 Vens.
2264 1894 2479 1958 32-34.
2514 1895 2657 1967 «Qui
2686 1913 2721 1958 e
2748 1898 3031 1977 supernis
3056 1900 3233 1972 venit,
3266 1918 3446 1981 super
3473 1903 3614 1964 549

1976 2000 2183 2044 omnes
2214 1992 2303 2044 est
2338 2005 2351 2046 :
2385 1983 2483 2064 qui
2514 2002 2547 2044 a
2569 1993 2725 2045 terra
2756 1984 3049 2065 profectus
3081 1996 3468 2063 est,terrenus
3498 2002 3608 2068 est,

1976 2078 2035 2132 et
2064 2071 2139 2133 de
2172 2080 2325 2135 terra
2348 2072 2748 2152 loquitur.Qni
2778 2091 2809 2133 e
2839 2075 2987 2135 coelo
3020 2076 3381 2156 venit,supra
3401 2098 3610 2142 omnes

1974 2169 2088 2240 est,
2122 2170 2180 2221 et
2207 2162 2363 2242 quod
2397 2162 2540 2224 vidit
2570 2172 2628 2223 et
2655 2162 2897 2237 audivit,
2936 2167 3047 2225 hoc
3088 2174 3356 2240 testatur,
3392 2178 3451 2230 et
3484 2182 3608 2231 tes-

1975 2250 2287 2311 timonium
2322 2249 2451 2330 ejus
2483 2268 2655 2311 nemo
2681 2252 3035 2331 accipit.Qui
3061 2254 3421 2335 accipitejus
3446 2261 3607 2320 testi-

1973 2339 2263 2418 monium,
2296 2339 2347 2400 is
2377 2339 2707 2418 obsignavit
2727 2341 2883 2419 qnod
2916 2342 3072 2403 Deus
3094 2362 3264 2407 verax
3280 2346 3534 2409 sit.Nam
3560 2350 3610 2409 is

1971 2446 2146 2508 quem
2182 2427 2340 2488 misit
2370 2427 2734 2497 Deus,verba
2766 2430 2867 2492 Dei
2904 2431 3321 2512 loquitur.Non
3348 2437 3505 2496 enim
3538 2440 3612 2499 ad

1971 2535 2311 2578 mensuram
2344 2517 2441 2577 dat
2470 2517 2626 2579 Deus
2654 2516 2938 2597 Spiritum
2973 2542 2999 2580 ι
3031 2523 3342 2603 Comparat
3366 2543 3434 2585 se
3456 2527 3609 2588 Prm-

1972 2624 2184 2667 cursor
2212 2606 2693 2681 Christo,etdicit
2715 2608 2870 2688 quod
2894 2609 2992 2670 ille
3014 2611 3253 2690 quidem
3277 2633 3310 2674 e
3339 2619 3612 2695 supernis

1974 2695 2199 2756 venerit
2226 2713 2260 2754 a
2283 2698 2474 2762 Patre.
2511 2706 2569 2757 et
2586 2715 2767 2775 super
2787 2718 2995 2759 omnes
3016 2700 3400 2782 sit,egregius
3426 2722 3608 2785 super

1972 2792 2268 2857 omni-s,et
2291 2783 2598 2845 Paternam
2619 2802 2861 2847 servans
2892 2788 3323 2853 excellentiam:
3351 2793 3469 2872 Ego
3498 2783 3607 2854 au-

1973 2881 2088 2932 tem
2112 2873 2213 2951 qui
2235 2872 2307 2932 de
2326 2882 2483 2933 terra
2504 2892 2633 2933 sum
2667 2883 2899 2935 terrena
2928 2877 3303 2957 loquor,vilia
3332 2889 3391 2939 et
3412 2883 3611 2941 humi-

1971 2960 2126 3031 lia,si
2148 2979 2279 3020 cum
2297 2960 2568 3022 doctrina
2587 2961 2800 3023 Christi
2816 2966 3494 3037 conlerantur.Quamvis
3515 2988 3614 3030 au-

1972 3058 2169 3112 autem
2183 3069 2315 3129 quae
2346 3070 2377 3111 a
2403 3054 2778 3112 Prmcursore
2800 3051 3037 3127 ﬁebant,
3060 3055 3254 3115 divina
3287 3060 3612 3137 erant,col-

1975 3138 2090 3199 lata
2122 3147 2316 3199 tamen
2350 3156 2485 3199 cum
2526 3139 2618 3199 his
2649 3157 2781 3218 quze
2828 3159 2861 3201 a
2897 3140 3327 3223 Christo,valde
3371 3146 3616 3208 humilia

250 3236 302 3294 δι
359 3238 488 3316 πρός
549 3238 614 3293 τὰ
660 3244 753 3293 τοῦ
783 3239 1010 3315 Χριστοῦ
1038 3234 1443 3315 συγκρινόμενα,
1477 3234 1613 3291 πολὺ
1643 3256 1703 3290 το
1749 3236 1885 3312 χθαν

1985 3229 2492 3308 apparebantllle,
2520 3228 2732 3307 inquit,
2758 3228 2914 3308 quod
2940 3229 3613 3313 viditetaudivit,loqui—

250 3324 420 3404 μαλόν
449 3324 685 3406 ἔχουσιν,
718 3325 985 3397 Ἐκεῖνος,
1024 3327 1206 3405 φησὶν,
1251 3324 1279 3380 ὅ
1309 3324 1509 3397 ἑώρακε
1537 3324 1625 3378 καὶ
1670 3320 1887 3397 ἤκουσε,

247 3414 426 3473 λαλεῖ·
485 3415 775 3490 τουτέστιν,
806 3415 841 3471 ἅ
887 3416 1027 3494 παρᾶ
1084 3415 1174 3472 τοῦ
1220 3415 1421 3494 [Ιατρός
1478 3413 1698 3486 ἢκουσε,
1734 3415 1821 3468 καὶ
1862 3412 1896 3467 ἅ

250 3506 506 3586 ἑώρακεν,
563 3505 750 3583 ἤγουν,
812 3504 844 3560 ἃ
893 3501 1125 3582 ἀκριϐῶς
1184 3501 1355 3579 οἶδεν,
1382 3502 1565 3559 ἐκεῖνα
1604 3499 1761 3557 λαλεῖ
1812 3506 1901 3558 καὶ

249 3606 524 3675 μαρτυρεῖ.
584 3591 754 3651 ’Λλλὰ
818 3594 917 3661 τὴν
986 3596 1270 3673 μαρτυρίαν
1350 3593 1542 3675 αὐτοῦ.
1579 3588 1741 3655 οὐδεὶς
1797 3597 1903 3652 τῶν

250 3672 335 3760 μὲ,
384 3672 453 3760 τῇ
509 3680 727 3755 ἀληθείᾳ
796 3672 1178 3763 προσεχόντων
1208 3678 1490 3757 λαμϐάνει,
1532 3672 1641 3742 ’Ὃς
1670 3676 1723 3734 δὲ
1766 3676 1905 3755 λάϐῃ

248 3772 347 3841 τὴν
405 3770 721 3851 μαρτυρίαν,
774 3770 892 3839 ἤτοι
963 3772 1061 3839 τὴν
1117 3768 1455 3827 διδασκαλίαν
1487 3773 1668 3849 αὐτοῦ,
1706 3767 1906 3848 ἔσφρά-

249 3882 417 3941 γισεν,
482 3862 595 3917 ἀντὶ
649 3867 764 3929 τοῦ,
853 3858 1069 3933 ἔδειξεν,
1154 3857 1493 3939 ἐϐεϐαίωσεν,
1553 3858 1632 3914 ὅτι
1690 3860 1719 3915 ὸ
1776 3860 1906 3922 Θεὸς

248 3950 453 4021 ἀληθής
511 3948 673 4013 ἔστιν,
752 3941 811 4008 ’0
872 3951 974 4029 γὰρ
1047 3956 1124 4025 τῷ
1167 3950 1309 4027 παρὰ
1341 3955 1473 4005 Θεοῦ
1521 3946 1751 4005 ἆπεστα)
1765 3946 1909 4022 μένῳ

250 4041 532 4119 πιστεύων,
595 4046 693 4115 τῷ’
723 4043 840 4112 Θεῷ
899 4039 1161 4111 πιστεύει,
1192 4040 1281 4095 καὶ
1351 4037 1538 4095 λοιπὸν
1608 4038 1903 4117 σφραγίζει,

246 4131 335 4186 καὶ
392 4126 779 4202 ἀποδείκνυσιν,
834 4126 914 4184 ὅτι
975 4129 1048 4193 ὡς
1108 4127 1300 4195 ἀληθεῖ
1383 4124 1493 4183 ὄντι
1576 4124 1899 4197 ἒπίστευσεν·

245 4220 425 4297 ὣσπερ
491 4217 581 4276 οῦν
640 4216 801 4275 πάλιν
876 4218 903 4273 ό
957 4216 1196 4273 ἀπιστῶν
1271 4221 1349 4289 τῷ
1408 4216 1551 4295 παρὰ
1607 4224 1699 4275 τοῦ
1775 4221 1905 4272 Θεοῦ

248 4305 661 4383 ἀπεσταλμένῳ,
731 4305 976 4379 δεικνύει,
1051 4304 1132 4361 ὅτι
1195 4306 1431 4381 ψεύστης
1463 4304 1595 4381 ἐστὶ,
1676 4306 1763 4361 καὶ
1822 4302 1907 4360 διὰ

243 4404 400 4455 τοῦτο
459 4400 555 4456 οῦκ
611 4396 914 4454 ἐπίστευσεν
944 4396 1108 4470 αύτῷ,
1143 4395 1240 4451 οἷα
1296 4393 1362 4463 δη
1407 4393 1734 4471 ψευδομένῳ·
1769 4394 1907 4451 ὥστε

244 4488 275 4543 ὸ
356 4492 435 4561 τῷ
477 4491 687 4564 Χριστῷ
730 4486 1015 4554 πιστεύων,
1050 4482 1276 4540 δεικνυσι
1306 4486 1398 4539 τὸν
1444 4487 1575 4541 Θεὸν
1627 4482 1826 4562 ἀληθῆ,
1856 4479 1908 4547 ἐξ

246 4576 406 4633 αὐτοῦ
458 4577 647 4631 τούτου
702 4571 935 4653 πάντως,
999 4579 1094 4631 τοῦ
1154 4579 1431 4630 πιστεῦσαι
1476 4578 1553 4647 τῷ
1596 4570 1720 4651 παρ’
1755 4576 1911 4631 αὐτοῦ

244 4662 653 4738 ἀπεσταλμένῳ.
731 4661 1004 4743 Πρόδηλον
1062 4663 1185 4743 γὰρ,
1288 4663 1368 4719 ὃτι
1430 4664 1503 4727 ὡς
1557 4661 1750 4729 ἀληθεῖ
1801 4660 1909 4737 ὄντι

242 4752 389 4827 αύτῷ
457 4754 751 4814 ὶπίστευσε.
821 4753 909 4809 καὶ
986 4753 1227 4814 εἰκότως.
1319 4753 1380 4810 Oi
1446 4752 1544 4827 μὲν
1599 4752 1701 4829 γὰρ
1759 4748 1910 4823 ἄλλοι

240 4841 464 4921 πάντες,
531 4842 682 4922 φησὶ,
757 4839 937 4920 μέτρῳ
1018 4841 1118 4909 τὴν
1212 4840 1492 4920 ὶνέργειαν,
1550 4836 1739 4897 ’ἔλαϐον
1819 4856 1909 4905 τοῦ

243 4930 579 5006 Πνεύματος’
644 4931 786 5002 αὖ*τῷ
836 4925 891 4985 δὲ
977 4933 1056 5002 τῷ
1111 4936 1322 5008 Χριστῷ
1380 4928 1474 4986 οὒκ
1506 4928 1566 4985 ἐκ
1599 4928 1790 5008 μέτρου
1820 4926 1910 4985 δέ·

238 5014 382 5074 ὃωκε
443 5019 566 5095 μίαν
624 5020 790 5098 ττχὸν
851 5018 887 5087 ἢ
957 5015 1046 5074 δύο
1132 5019 1427 5098 ὶνεργείας,
1458 5017 1578 5075 ἀλλ’
1639 5020 1796 5082 αὐτὸς
1847 5020 1909 5075 τὸ

242 5112 463 5184 Πνεῦμα
520 5105 815 5188 ὁλόκληρον
867 5105 985 5186 ἔχει
1017 5104 1309 5171 οῦσιωδὼς.
1343 5116 1477 5167 Τοῖς
1522 5107 1621 5183 μὲν
1651 5106 1739 5163 οὗν
1767 5130 1906 5187 προ-

243 5197 439 5275 φηταις
510 5199 538 5253 ὸ
592 5198 722 5261 Θεὸς
750 5197 839 5255 καὶ
881 5193 1058 5253 δίδωσι
1102 5198 1164 5252 τὸ
1201 5201 1438 5271 Πνεῦμα,
1476 5195 1595 5264 ἤτοι
1625 5196 1723 5265 τὴν
1753 5196 1904 5275 ἐνέρ-

246 5305 394 5362 γειαν
466 5288 559 5343 τοῦ
631 5286 962 5361 Πνεύματος,
1044 5286 1131 5341 καὶ
1162 5286 1215 5341 ἐν
1250 5286 1430 5366 μέτρῳ
1457 5284 1657 5343 δίδωσιο
1696 5288 1907 5365 Χριστῷ

246 5370 301 5430 δὲ
356 5373 472 5431 οὔτε
543 5373 597 5430 ἓν
658 5374 857 5453 μέτρῳ,
904 5366 1037 5456 οὔτε
1065 5373 1204 5439 ὅλως
1248 5372 1480 5432 δίδωσινο
1512 5374 1629 5456 ἔχει
1658 5377 1759 5456 γὰρ
1781 5376 1906 5433 αὐτὸ

249 5463 518 5533 ούσιωδώς
575 5466 603 5521 ὸ
666 5466 912 5543 Χριστός,
975 5453 1151 5521 ιὈτπιν
1212 5462 1267 5521 δὲ
1298 5453 1905 5546 ἀκούσῃς,νὸτιδΧρι-

251 5554 404 5629 στὸς,
464 5552 497 5611 ἔ
571 5553 768 5623 ἢκουσε
826 5554 969 5634 παρὰ
1024 5559 1117 5609 τοῦ
1152 5555 1384 5634 Πατρὸς,
1417 5554 1596 5613 ἐκεῖνα
1616 5553 1799 5630 λαλεῖ,
1830 5556 1909 5633 μὴ

252 5642 436 5718 νόμιζε
493 5643 651 5700 αὺτὸν
683 5639 830 5698 ἰνδεᾶ
878 5643 1006 5703 ὃντα
1038 5640 1308 5723 γνώσεως,
1362 5644 1505 5726 παρᾶ
1559 5644 1654 5701 τοῦ
1706 5647 1910 5725 Πατρὸς

1976 3326 2089 3392 tur,
2102 3318 2208 3377 hoc
2232 3326 2479 3397 est,quze
2494 3335 2528 3378 a
2552 3320 2722 3379 Patre
2734 3318 3186 3400 audivit,etquaa
3200 3323 3485 3395 vidit,hoc
3503 3335 3614 3405 est,

1979 3411 2136 3469 clare
2161 3406 2454 3479 novit,illa
2476 3407 2739 3487 loquitur
2770 3416 2831 3466 et
2855 3408 3203 3472 testatur.Et
3230 3415 3632 3476 testimonium

1986 3496 2117 3575 ejus
2148 3495 2344 3556 nullus
2366 3514 2433 3556 ex
2464 3496 2556 3556 his
2586 3496 2685 3576 qui
2719 3498 3024 3557 veritatem
3052 3517 3169 3559 non
3194 3502 3630 3577 attendunt,re-

1988 3584 2273 3664 cipit.Qui
2305 3594 2500 3646 autem
2535 3584 2748 3665 recipit
2779 3586 3204 3662 testimonium,
3232 3591 3343 3652 hoc
3375 3601 3461 3653 est
3480 3593 3629 3655 doc-

1990 3674 2868 3755 trinam,ejus,obsignuvit,hoc
2892 3678 3357 3749 est,monstravit
3385 3681 3634 3743 etstabi-

1991 3764 2135 3838 livit,
2168 3766 2323 3845 quod
2361 3765 2515 3825 Deus
2535 3782 2707 3825 verus
2728 3764 2944 3836 sit.Qui
2975 3766 3136 3826 enim
3178 3768 3369 3830 credit
3393 3770 3448 3830 ei
3470 3772 3568 3851 qui
3602 3792 3636 3833 a

1990 3852 2112 3914 Deo
2142 3854 2357 3915 missus
2387 3855 2629 3929 est,Deo
2644 3854 2855 3929 credit,
2890 3864 2947 3915 et
2994 3868 3437 3937 consequenter
3467 3862 3633 3924 obsi-

1990 3950 2127 4019 gnat
2150 3953 2206 4003 et
2224 3944 2593 4004 demonstrat
2614 3943 2768 4023 quod
2795 3945 2847 4005 ei
2875 3944 2972 4022 qui
2992 3963 3161 4006 verax
3186 3948 3629 4019 sit,crediderit:

1990 4032 2143 4092 sicut
2173 4050 2205 4093 e
2234 4032 2470 4093 diverso
2500 4031 2599 4111 qui
2633 4050 2749 4092 non
2779 4033 2970 4092 credit
2989 4038 3041 4095 ei
3077 4034 3233 4113 quia
3262 4038 3385 4098 Deo
3416 4038 3635 4100 missus

1988 4129 2099 4196 est,
2135 4120 2396 4181 ostendit
2427 4121 2583 4201 quod
2623 4119 2871 4182 mendax
2903 4120 2999 4195 sit,
3023 4130 3082 4184 et
3114 4137 3356 4203 propter
3374 4126 3486 4188 hoc
3517 4147 3637 4189 non

1988 4210 2177 4273 credit
2208 4211 2494 4289 ei,utpote
2526 4210 2801 4272 mendax.
2825 4208 2896 4270 Et
2925 4210 3005 4271 ita
3035 4212 3136 4290 qui
3159 4214 3394 4275 Christo
3415 4217 3629 4292 credit,

1988 4299 2246 4360 ostendit
2275 4298 2431 4378 quod
2466 4300 2623 4361 Deus
2652 4307 2740 4359 est
2760 4316 2955 4371 verax,
2992 4316 3061 4361 ex
3093 4318 3163 4362 eo
3194 4303 3350 4383 quod
3381 4306 3635 4367 credidit

1990 4389 2045 4449 ei
2074 4388 2173 4468 qui
2190 4388 2263 4448 ab
2289 4390 2415 4467 ipso
2435 4387 2651 4448 missus
2669 4387 3164 4450 est.Manifestum
3184 4391 3341 4452 enim
3367 4394 3523 4473 quod
3547 4395 3635 4458 illi

1992 4487 2053 4539 ut
2074 4477 2267 4539 veraci
2288 4475 2714 4539 crediderit.Et
2732 4477 3099 4541 merito.Nos
3128 4497 3285 4541 enim
3307 4481 3404 4544 ahi
3426 4502 3635 4548 omnes

1992 4567 2063 4628 ad
2090 4584 2426 4655 mensuram
2450 4567 2791 4646 accepimus
2812 4566 3219 4647 operationem
3242 4571 3635 4655 Spiritus,ipsi

1934 4654 2188 4719 Dautem
2219 4654 2452 4719 Christo
2484 4674 2600 4716 non
2645 4654 2716 4717 ad
2756 4674 3092 4717 mensuram
3126 4659 3290 4720 dedit
3331 4654 3507 4725 unam
3546 4662 3636 4726 vel

1993 4749 2143 4807 duas
2172 4744 2440 4813 virtutes,
2475 4744 2580 4806 sed
2604 4744 2732 4825 ipse
2789 4743 3073 4826 Spiritum
3115 4747 3409 4827 integrum
3459 4751 3636 4813 habet

1994 4833 2731 4914 substantialiterJgituret
2758 4835 3063 4915 prophetis
3081 4836 3245 4899 dedit
3268 4837 3422 4900 Deus
3444 4838 3634 4921 Spiri-

1992 4934 2140 4999 tum,
2162 4924 2275 4985 hoc
2306 4932 2415 5000 est,
2445 4924 2854 5004 operationem
2883 4924 3160 5005 Spiritus,
3194 4935 3255 4988 et
3279 4929 3352 4989 ad
3388 4948 3635 4992 mensu-

1990 5032 2115 5076 ram
2148 5013 2313 5075 dedit
2343 5034 2355 5073 :
2391 5012 2625 5074 Christo
2656 5026 2856 5075 autem
2886 5032 3005 5075 non
3054 5016 3126 5076 ad
3180 5035 3546 5100 mensuram,
3579 5030 3641 5081 et

1994 5120 2190 5184 neque
2222 5101 2470 5163 omnino
2510 5101 2674 5164 dedit
2707 5119 2720 5165 :
2756 5101 2937 5165 habet
2968 5103 3126 5165 enim
3176 5105 3343 5168 illum
3375 5108 3641 5172 Christus

1991 5190 2741 5263 substantialiter.Quando
2772 5200 2969 5253 autem
2990 5193 3157 5255 audis
3185 5197 3344 5275 quod
3375 5195 3642 5261 Christus

1990 5283 2254 5362 loquitur
2284 5282 2386 5343 illa
2415 5300 2545 5362 qua
2590 5282 2807 5342 audivit
2850 5299 2884 5342 a
2928 5280 3123 5364 Patre,
3153 5303 3228 5345 ne
3272 5296 3440 5365 putes
3473 5288 3638 5351 illum

1989 5372 2260 5449 indigere
2320 5379 2384 5433 ut
2410 5370 2716 5433 scientiam
2753 5370 2831 5432 ab
2862 5371 2964 5433 illo
2996 5373 3315 5449 discat,sed
3336 5377 3473 5457 quia
3493 5397 3643 5459 quaa-

1993 5480 2227 5542 cunque
2255 5461 2341 5524 sic
2370 5459 2414 5522 F
2419 5461 2582 5535 ilius,
2615 5479 2650 5521 a
2677 5459 2849 5522 Patre
2908 5463 3261 5525 naturaliter
3298 5467 3431 5542 scit,
3479 5471 3643 5550 quasi

1996 5550 2086 5613 illi
2116 5550 2656 5632 consubstantialis,
2688 5550 2818 5631 ejus
2844 5551 3029 5630 gratia
3046 5551 3267 5616 dicitur
3285 5574 3319 5616 a
3337 5554 3506 5621 Patre
3533 5576 3644 5621 au-

1994 5641 2126 5704 dire
2153 5657 2286 5722 quo
2314 5640 2964 5724 scitzquemadmodum
2987 5642 3039 5704 si
3059 5642 3280 5708 videris
3298 5647 3479 5710 tilium
3500 5649 3651 5730 patri
