4060 6294
220 407 241 467 1
255 398 376 468 225

906 384 1354 467 ΕΝΑΗΗᾹΤΙΟ
1400 377 1476 447 ΙΝ
1524 378 1881 459 EVANGEL

1976 394 2032 457 M
2073 399 2417 466 JOANNIS.
2461 433 2541 449 σε·
2580 401 2745 466 CAP.
2795 404 2902 466 IV.

3454 404 3476 466 1
3488 402 3607 467 226

210 542 425 615 θρωπου
478 540 618 601 τινὸς
704 541 1005 611 θαυμαστοῦ
1063 528 1468 613 διαλεγόμενος,
1554 527 1644 585 καὶ
1700 530 1872 590 πάντα

1968 525 2031 587 le
2061 528 2303 592 homine
2334 530 2591 611 quodam
2621 530 2957 594 admirabili
2993 534 3265 613 loquens.
3303 533 3373 597 Et
3402 536 3602 597 omnia

211 624 439 683 δέδωκεν
484 626 537 682 ἐν
680 626 822 705 χειρὶ
864 631 955 682 τοῦ
1027 626 1173 704 Υίοῦ,
1231 620 1369 679 κατὰ
1420 621 1481 677 τὸ
1524 618 1868 699 ἀνθρώπινον.

217 718 275 772 Ei.
319 714 373 770 δὲ
429 716 517 772 καὶ
560 717 697 772 κατὰ
740 716 801 771 τὸ
840 715 1045 792 θεϊκὸν,
1083 714 1132 770 τί
1173 715 1328 770 τοῦτο
1364 731 1381 791 ς
1432 709 1640 767 Δέδωκε
1686 711 1713 765 6
1758 714 1873 764 Παο

214 806 315 883 τηρ
370 805 437 860 τὰ
494 805 667 861 πάντα
720 811 786 878 τῷ
840 806 960 882 ι’ίῴ,
1006 802 1151 880 λόγῳ
1182 803 1411 881 φύσεως,
1448 797 1567 855 ἁλλ’
1600 801 1658 855 οὒ
1707 798 1871 877 χάρι-

215 913 331 957 τος.
381 893 533 950 Ἐπεὶ
593 894 691 971 γὰρ
736 893 820 949 καὶ
868 892 929 948 τὸ
989 892 1131 947 εἶναι
1192 890 1253 947 ἐκ
1292 896 1387 946 τοῦ
1444 891 1649 969 Πατρδς
1729 886 1869 965 ἔχει,

218 984 440 1047 εἰκότως
491 985 579 1039 καὶ
649 982 822 1043 πάντα
882 981 943 1037 ἐκ
1000 988 1090 1037 τοῦ
1152 981 1359 1059 Πατρὸς
1426 978 1639 1058 λέγεται
1698 977 1872 1055 ἔχειν.

222 1069 406 1151 ’Ἔχει
449 1073 622 1128 τοίνυν
680 1071 745 1127 τὰ
788 1069 961 1126 πάντα
990 1071 1018 1125 6
1064 1071 1208 1138 Υἱὸς,
1239 1068 1305 1124 τά
1361 1088 1418 1124 τε
1467 1066 1521 1123 ἐν
1553 1068 1778 1144 οιόρανῷ,
1813 1063 1876 1118 τά

220 1181 278 1216 τε
339 1160 423 1216 ἐπὶ
455 1166 557 1238 γῆς
593 1181 604 1193 ·
665 1158 906 1230 δεσπόζει
959 1160 1059 1237 γὰρ
1088 1158 1362 1231 ἁπάντων,
1394 1155 1493 1214 κᾶν
1524 1156 1603 1232 μὴ
1634 1152 1875 1233 βούλων-

221 1272 334 1308 ται.
402 1240 665 1327 ’Ὕστερον
710 1248 918 1327 μέντοι,
976 1246 1057 1303 ὅτε
1110 1247 1247 1303 κατὰ
1289 1247 1389 1314 τὴν
1438 1245 1680 1322 δευτέραν
1734 1264 1877 1321 παρ-

224 1339 402 1395 ουσίαν
446 1345 549 1395 πᾶν
609 1339 735 1415 γόνυ
784 1337 990 1412 κάμψει
1036 1335 1200 1415 αὐτῷ,
1248 1337 1347 1404 τὴν
1392 1333 1631 1403 παντελη
1681 1331 1876 1388 δεσπο-

224 1429 368 1484 τείαν
410 1428 624 1484 πάντων
668 1426 952 1500 λήψεται·
1003 1424 1091 1481 ὅτε
1137 1422 1311 1482 οὐκέτι
1360 1427 1396 1492 ἡ
1446 1424 1604 1480 κακία
1664 1420 1880 1492 δύναμιν

227 1516 370 1597 ἔχει,
417 1515 537 1573 ἀλλ’
598 1516 945 1594 ἆνενέργητος
990 1515 1244 1590 μένουσα,
1305 1511 1532 1569 δείκνυσι
1581 1511 1679 1578 τὴν
1730 1510 1880 1590 φύσιν

227 1616 322 1664 τοῦ
364 1606 559 1683 ἀγαθοῦ
607 1605 658 1671 ἐξ
716 1604 894 1683 ἀρχῆς
952 1610 1113 1660 πᾶσιν
1170 1603 1406 1676 ὲνοῦσαν,
1467 1604 1555 1657 καὶ
1611 1601 1675 1657 τὰ
1712 1600 1884 1656 πάντα

230 1694 579 1773 συνέχουσαν,
640 1717 667 1748 ι
734 1683 791 1751 Ὀ
834 1694 1094 1749 πιστεύων
1151 1694 1222 1757 εἰς
1284 1693 1377 1747 τὸν
1422 1691 1565 1764 Υίὸν,
1611 1689 1729 1768 ἔχει
1785 1687 1880 1756 τήν

1955 615 2125 681 dedit
2152 619 2213 681 in
2245 638 2421 682 manu
2452 618 2760 700 Filiijuxta
2782 621 3303 686 humanitatem.Si
3323 632 3519 686 autem
3546 631 3606 687 et

1956 708 2281 769 secundum
2316 708 2854 789 divinitatem,quid
2869 710 3011 771 hoc?
3033 710 3389 774 DeditPater
3404 712 3603 775 omnia

1957 794 2104 857 Filio
2136 798 2364 859 ratione
2381 799 2736 874 naturae,sed
2773 818 2888 861 non
2913 801 3414 881 gratiae;quoniam
3438 802 3601 865 enim

1958 892 2014 945 et
2038 904 2167 947 esse
2196 908 2225 945 ιι
2253 885 2423 948 Patre
2455 888 2879 966 habet,merito
2912 895 2972 949 et
2987 888 3184 950 omnia
3206 889 3418 951 dicitur
3433 908 3468 951 a
3488 892 3596 953 Pa-

1959 981 2047 1035 tre
2077 975 2319 1038 habere.
2354 974 2541 1038 Habet
2567 975 2747 1056 igitur
2771 977 2969 1039 omnia
2998 976 3206 1061 Filius,
3232 987 3348 1041 tam
3378 998 3508 1060 quae
3537 979 3599 1041 in

1959 1062 2309 1144 caslo,quam
2331 1084 2460 1145 qua;
2480 1066 3098 1130 interraDominatur
3114 1069 3271 1129 enim
3292 1069 3595 1145 omnibus,

1961 1151 2188 1214 etiamsi
2208 1154 2445 1234 quidam
2472 1155 2683 1218 nolint.
2708 1158 2918 1218 Postea
2949 1174 3084 1218 vero
3110 1156 3168 1217 in
3202 1158 3466 1220 secundo
3489 1160 3599 1221 ad-

1960 1249 2160 1322 ventu,
2200 1243 2435 1323 quando
2472 1262 2648 1304 omne
2674 1262 2827 1321 genu
2860 1246 3133 1307 ﬂectetur
3161 1246 3240 1327 ei,
3275 1246 3600 1326 perfectum

1963 1330 2224 1391 omnium
2262 1332 2513 1412 accipiet
2534 1332 2865 1394 dominium
2898 1356 2910 1392 :
2944 1334 3179 1414 quando
3222 1334 3445 1397 malitia
3485 1355 3604 1397 non

1964 1418 2114 1480 ultra
2142 1419 2533 1481 habebitt’iﬁl
2579 1422 2881 1503 virtutem,
2905 1422 3008 1483 sed
3041 1422 3315 1485 inefficax
3357 1442 3603 1487 manens

1965 1509 2511 1571 ostendetnaturam
2536 1510 2718 1572 bonia
2732 1511 3022 1591 principio
3035 1512 3601 1589 omnibusinditam,

1965 1598 2240 1659 etomnia
2261 1598 2814 1671 contiuentem.Qui
2845 1600 3036 1663 credit
3064 1600 3124 1661 in
3150 1601 3391 1682 Filium,
3424 1603 3607 1665 habet

1964 1686 2133 1747 vitam
2169 1696 2453 1749 mternam
2480 1689 2536 1749 in
2568 1688 2960 1768 ipso,»ipsum
3009 1690 3140 1751 dico
3174 1691 3606 1772 Christum,qui

230 1784 439 1841 αἰώνιον
479 1785 621 1855 ζωὴν
680 1783 734 1839 ἐν
792 1782 955 1858 αὐτῷ,
995 1805 1022 1837 ι
1091 1782 1247 1837 αὒτὸν
1299 1780 1441 1859 λέγω
1482 1780 1573 1836 τὸν
1628 1780 1878 1856 Χριστὸν,

1968 1793 2104 1837 vere
2131 1777 2245 1837 vita
2277 1782 2384 1839 est.
2405 1776 2502 1839 «In
2533 1777 2660 1857 ipso
2694 1777 2849 1837 enim
2911 1777 3158 1840 vivimus
3182 1788 3237 1840 et
3274 1798 3601 1846 movemur.

230 1876 288 1938 ὃς
346 1875 456 1945 ζωή
517 1872 659 1930 ἐστιν
711 1872 945 1939 ἀληθῶς.
1006 1893 1030 1927 ιι
1092 1869 1178 1928 Ἐν
1224 1872 1365 1944 αὐτῷ
1420 1871 1521 1949 γὰρ
1573 1875 1747 1944 ζῶμεν
1797 1868 1884 1923 καὶ

230 1960 535 2037 κινούμεθα.
600 1986 624 2019 ο
661 1993 738 2008 -ι
775 1985 801 2016 α
866 1951 923 2018 Ὀ
983 1957 1035 2016 δὲ
1094 1960 1324 2017 ἀπειθῶν
1395 1961 1488 2016 οὐκ
1542 1957 1729 2034 ὄψεται
1788 1957 1886 2023 τὴν

234 2053 404 2123 ζωήν.
443 2071 471 2109 »
538 2042 595 2109 (Ο
653 2052 752 2129 γὰρ
809 2050 1045 2111 ἀποστὰς
1101 2049 1351 2114 ὶκουσίως
1394 2052 1502 2129 Δτῆς
1560 2051 1728 2119 ζωῆς,
1770 2051 1885 2107 πῶς

232 2140 336 2205 ἔξει
394 2140 583 2213 αὐτὴν,
641 2126 758 2207 ἥτις
804 2138 944 2195 ἐστὶν
988 2140 1015 2194 6
1062 2137 1284 2215 Χριστός
1325 2152 1341 2211 ;
1392 2126 1482 2201 Ὠς
1532 2136 1620 2191 καὶ
1677 2132 1884 2197 Παῦλός

234 2249 419 2310 φησιν·
462 2252 484 2284 ι
524 2220 702 2287 υΟταιν
734 2232 760 2285 6
797 2230 1016 2308 Χριστὸς
1049 2229 1321 2307 φανερωθῇ
1351 2228 1387 2294 ἡ
1414 2226 1527 2297 ζωὴ
1556 2226 1736 2300 ἡμῶν,
1766 2235 1885 2280 τότε

230 2319 319 2374 καὶ
368 2319 547 2393 ὑμεῖς,
610 2321 658 2374 οἱ
715 2319 846 2396 πρὸς
893 2318 990 2384 τὴν
1050 2316 1236 2373 κακίαν
1282 2315 1453 2395 νεκροὶ
1513 2316 1601 2371 καὶ
1647 2312 1886 2379 ἀκίνητοι

227 2407 530 2484 γενόμενοι,
567 2408 995 2485 φανερωθήσεσθε
1026 2406 1079 2462 ἐν
1112 2404 1299 2482 δόξῃ.»
1334 2438 1413 2449 —
1451 2426 1474 2460 ι
1506 2402 1656 2461 Ἀλλ’
1686 2404 1722 2471 ἠ
1753 2401 1887 2481 ὀργὴ

226 2503 324 2553 τοῦ
384 2504 513 2553 Θεοῦ
559 2510 712 2572 μενεῖ
768 2494 852 2552 ἐπ’
908 2495 1088 2574 αυτόν,
1156 2517 1180 2552 ιι
1255 2498 1362 2553 Οὐκ
1418 2494 1599 2569 εἶπεν,
1645 2491 1726 2549 ὅτι
1784 2512 1887 2566 με-

235 2598 323 2640 νεῖ
354 2587 528 2659 αὐτὸν,
566 2584 709 2661 ἀλλ’,
763 2606 787 2642 ιι
823 2582 907 2641 ἐπ’
969 2586 1150 2657 αὐτὸν,
1184 2608 1211 2640 ι
1261 2581 1460 2646 δεικνὺς
1502 2581 1583 2639 ὅτι
1642 2579 1887 2640 οὐδέποτε

235 2674 400 2731 αὒτοῦ
481 2674 897 2745 ἀποόστήσεται,
972 2664 1095 2729 υΙνα
1180 2674 1280 2751 γὰρ
1337 2674 1416 2748 μὴ
1494 2672 1723 2735 ἀκούσας
1787 2671 1889 2726 θά-

230 2785 418 2840 νατον,
473 2765 790 2843 πρόσκαιρον
835 2770 1017 2819 τοῦτον
1070 2762 1296 2837 νοήσῃς,
1351 2762 1531 2841 φησὶν,
1595 2759 1675 2815 ὅτι
1729 2779 1752 2814 ιι
1791 2780 1890 2833 με-

231 2866 322 2908 νεῖ
364 2852 446 2909 ἐπ’
505 2854 682 2923 αὺτὸν,
752 2876 774 2904 ιι
840 2851 925 2907 ἐπὶ
975 2852 1066 2906 τὸν
1116 2851 1504 2928 ἀπειθήσαντα,
1565 2849 1652 2904 καὶ
1716 2845 1888 2909 ἀίδιος

231 2942 380 2999 ἔσται
428 2943 465 3010 ἡ
506 2942 750 3006 κόλασις.
787 2942 885 2997 Διὰ
926 2940 1125 2997 τούτων
1184 2936 1239 2993 δὲ
1290 2939 1501 2995 πάντων
1552 2938 1658 2993 τῶν
1707 2936 1887 3014 ῥημά-

228 3052 341 3087 των
400 3032 627 3109 ἐνάγειὸ
656 3031 961 3096 Βαπτιστὴς
1005 3028 1095 3084 καὶ
1153 3030 1378 3084 συνωθεῖ
1434 3027 1552 3089 τοὺς
1603 3026 1887 3087 ἀκούοντας

1964 1866 2019 1916 9|
2036 1892 2084 1929 ,υ
2104 1864 2245 1939 «Οιιί
2276 1874 2471 1928 autem
2505 1866 2847 1928 incredulus
2867 1875 3103 1943 est,non
3122 1867 3345 1931 videbit
3361 1869 3599 1934 vitam.-

1966 1958 2110 2018 Nam
2145 1955 2243 2035 qui
2274 1964 2484 2034 sponte
2518 1958 2817 2017 recessita
2841 1956 2979 2037 vita,
3016 1975 3132 2037 quo
3166 1966 3334 2037 pacto
3365 1959 3610 2023 habebit

1970 2063 2124 2119 eam,
2160 2063 2292 2125 qua;
2349 2053 2437 2107 est
2482 2043 2778 2107 Christus?
2812 2044 2965 2106 sicut
3009 2052 3067 2107 et
3112 2045 3326 2108 Paulus
3372 2046 3604 2129 inquit:

1975 2159 2000 2189 α
2033 2133 2280 2206 Quando
2304 2133 2574 2197 Christus
2609 2131 3082 2195 manifestabitur
3105 2134 3220 2195 vita
3240 2145 3609 2212 nostra,tunc

1971 2233 2028 2286 et
2062 2242 2169 2284 vos
2191 2222 2291 2303 qui
2322 2223 2393 2282 ad
2426 2221 2705 2283 malitiam
2740 2221 2955 2283 mortui
2986 2232 3044 2284 et
3077 2222 3417 2287 immobiles
3449 2226 3604 2309 facti,

1972 2311 2494 2373 manifestabimini
2528 2310 2586 2371 in
2614 2310 2894 2389 gloriam.
2923 2311 3199 2375 u—«Sed
3226 2312 3314 2373 ira
3342 2312 3446 2375 Dei
3477 2334 3605 2377 ma-

1970 2411 2070 2463 net
2096 2419 2277 2482 super
2323 2400 2512 2463 illnm.
2545 2424 2566 2457 ι
2603 2401 2735 2463 Non
2767 2400 2913 2462 dixit
2941 2401 3096 2482 quod
3150 2414 3385 2463 maneat
3414 2404 3606 2481 illum,

1972 2492 2073 2553 sed
2103 2508 2285 2571 super
2315 2490 2502 2570 illum,
2538 2489 2861 2550 ostendens
2890 2488 3042 2570 quod
3101 2508 3405 2571 nunquam
3439 2492 3515 2555 ab
3539 2512 3609 2555 co

1972 2582 2327 2644 recedat.Ut
2357 2598 2433 2641 ne
2480 2587 2729 2640 mortem
2773 2578 2980 2639 credas
3024 2580 3435 2662 temporalem,
3469 2582 3612 2645 dicit

1972 2670 2128 2752 quod
2162 2678 2394 2731 maneat
2423 2686 2605 2747 super
2634 2687 2767 2729 eum
2817 2668 2915 2748 qui
2950 2667 3292 2729 incredulus
3322 2670 3518 2748 fuerit,
3555 2683 3614 2733 et

1972 2768 2320 2839 perpetuum
2355 2756 2467 2819 erit
2489 2756 2870 2837 supplicium.
2906 2759 3022 2819 Per
3039 2756 3237 2818 omnia
3252 2768 3448 2820 autem
3470 2777 3611 2822 ver-

1976 2851 2045 2909 ba
2075 2849 2201 2911 haec
2228 2847 2457 2908 inducit
2476 2845 2737 2924 Baptista
2762 2854 2821 2906 et
2842 2845 3147 2925 compellit
3166 2847 3466 2910 auditores
3486 2866 3609 2910 om-

1975 2954 2079 2998 nes
2109 2938 2177 2996 ad
2206 2935 2382 2996 ﬁdem
2405 2932 2643 2995 Christi.
2677 2931 2804 2994 Non
2830 2934 2987 2993 enim
3018 2933 3077 2993 in
3114 2952 3325 2995 vanum
3358 2938 3480 2997 haec
3509 2936 3605 2998 di-

1970 3025 2080 3094 xit,
2114 3024 2215 3085 sed
2249 3041 2387 3085 suos
2417 3021 2736 3101 discipulos
2765 3030 2823 3083 et
2854 3021 3001 3082 alios
3025 3040 3234 3083 omnes
3262 3024 3501 3088 instruit
3532 3046 3609 3089 ne

229 3120 436 3184 πάντας
495 3122 566 3182 εἰς
624 3121 721 3187 τὴν
765 3126 856 3175 τοῦ
898 3118 1123 3197 Χριστοῦ
1181 3117 1373 3175 πίστιν,
1424 3115 1495 3173 Οὒ
1556 3115 1655 3192 γὰρ
1712 3113 1881 3189 μάτην

1972 3114 2271 3177 invideant
2294 3112 2554 3186 Christo,
2584 3110 2778 3175 sedet.
2824 3112 2948 3174 Deo
2968 3111 3322 3176 auscultent.

231 3209 401 3265 ταῦτα
472 3231 655 3287 φησιν,
715 3206 853 3264 ἀλλᾶ
923 3208 1012 3263 καὶ
1060 3206 1181 3268 τοὺς
1242 3204 1461 3268 οἰκείους
1506 3204 1745 3280 μαθητὰς
1803 3203 1889 3258 καὶ

232 3296 357 3361 τοὺς
418 3296 609 3361 ἄλλους
669 3297 873 3361 πάντας
930 3293 1190 3368 παιδεύει,
1273 3293 1466 3370 μηκέτι
1534 3296 1743 3371 φθονεῖν
1812 3296 1889 3363 τῷ

239 3393 475 3462 Χριστῷ,
522 3385 645 3443 ἀλλ’
689 3388 763 3449 ὼς
797 3392 913 3460 Θεῷ
945 3383 1260 3463 προσέχειν.

866 3482 1119 3536 ΚΕΦΑΛ.
1171 3476 1261 3536 Δ¹.

240 3576 361 3653 Περὶ
422 3580 517 3642 τῆς
577 3571 1014 3653 Σαμαρείτιδος.Δ
1065 3572 1190 3645 Περὶ
1276 3570 1369 3627 τοῦ
1440 3574 1550 3631 υἱοῦ
1628 3576 1721 3626 τοῦ
1782 3570 1886 3646 βα-

949 3650 1152 3709 σιλικοῦ
1162 3694 1176 3710 .

324 3772 350 3803 ε
401 3740 492 3811 Ὠς
551 3747 637 3803 οὖν
689 3745 825 3823 ἔγνω
879 3747 907 3801 6
964 3745 1150 3824 Κύριος
1207 3744 1287 3801 ὅτι
1346 3743 1580 3811 ἤκουσαν
1638 3746 1686 3801 οἱ
1713 3751 1885 3821 Φαριο

244 3837 388 3895 σαῖοι
447 3835 526 3894 ὅτι
580 3833 786 3902 Ἰησοῦς
844 3832 1091 3897 πλείονας
1150 3834 1394 3909 μαθητὰς
1438 3834 1593 3891 ποιεῖ
1635 3834 1723 3889 καὶ
1779 3834 1883 3909 βα-

241 3928 426 3998 πτίζει,
482 3925 518 3992 ἢ
574 3921 828 3990 Ἰωάννης
890 3922 1084 4001 (καίτοι
1140 3943 1202 4001 γε
1261 3922 1417 3984 αὐτὸς
1462 3925 1490 3979 6
1534 3922 1742 3990 Ἰησοῦς
1790 3924 1884 3979 οὐκ

238 4012 533 4086 ἒόάπτιζεν,
597 4011 717 4069 ἀλλ’
760 4013 807 4067 οἱ
853 4011 1084 4086 μαθηταὶ
1140 4011 1344 4090 αὐτοῦ),
1392 4013 1564 4092 ἀφῆκε
1614 4013 1712 4078 τὴν
1741 4010 1881 4069 Ἰου-

2597 3472 2839 3538 CAPUT
2880 3472 2982 3538 IV.

2269 3568 2360 3630 De
2389 3568 2805 3631 Samaritana.
2840 3568 2925 3631 De
2951 3566 3081 3648 ﬁlio
3104 3569 3324 3650 reguli.

2051 3739 2265 3802 Vens]
2292 3737 2372 3799 -4.
2388 3735 2495 3799 «Ut
2517 3735 2791 3817 cognovit
2821 3736 3107 3799 Dominus
3136 3737 3371 3800 audisse
3394 3740 3609 3804 Phari-

1968 3848 2115 3891 saeos
2137 3826 2293 3910 quod
2316 3828 2485 3889 .lesus
2507 3826 2709 3907 plures
2730 3825 3053 3907 discipulos
3076 3826 3298 3890 faceret
3324 3846 3393 3889 ac
3414 3828 3608 3911 bapti-

1966 3928 2123 3981 zaret
2151 3936 2324 3999 quam
2358 3915 2615 3979 Joannes
2662 3917 3033 3996 (quanquam
3080 3914 3262 3979 Jesus
3306 3917 3436 3998 ipse
3488 3939 3609 3983 non

1966 4005 2419 4089 baptizaret,sed
2443 4005 2713 4086 discipuli
2748 4005 3178 4086 ejus),reliquit
3197 4005 3459 4068 Judaaam
3486 4016 3611 4073 ter-

239 4103 385 4159 δαίαν
442 4103 566 4180 γῆν,
627 4103 714 4157 καὶ
766 4099 969 4167 ἀπῆλθε
1044 4098 1204 4157 πᾶὶιν
1284 4101 1355 4165 εἷς
1414 4102 1515 4165 τὴν
1574 4099 1878 4180 Γαλιλαίαν.

1968 4116 2117 4174 ram,
2152 4106 2210 4158 et
2237 4095 2380 4157 abiit
2408 4095 2623 4156 iterum
2646 4095 2704 4155 in
2724 4092 3045 4156 Galilaeam.
3071 4092 3609 4174 Oportebatautem

239 4189 404 4248 ’Ἔδει
448 4178 503 4247 δὲ
534 4192 690 4246 αὐτὸν
746 4188 1046 4269 διέρχεσθαι
1104 4187 1187 4245 διὰ
1222 4192 1320 4254 τῆς
1365 4190 1684 4269 Σαμαρείας,
1738 4213 1761 4244 v
1822 4178 1880 4247 Ὀ

1968 4207 2098 4251 eum
2136 4184 2387 4249 transire
2422 4202 2527 4263 per
2556 4182 2943 4247 Samariam»
2972 4183 3300 4246 Misericors
3322 4184 3612 4251 Dominus

236 4279 623 4361 φιλάνθρωπος,
674 4276 811 4343 ἅπαξ
870 4277 937 4334 δι’
991 4279 1129 4352 ἡμᾶς
1183 4279 1493 4351 σαρκωθεὶς,
1545 4279 1718 4335 πάντα
1748 4281 1880 4359 πρὸς

1968 4277 2149 4339 semel
2182 4281 2424 4356 propter
2453 4291 2560 4333 nos
2588 4272 2953 4351 incarnatus,
2988 4272 3188 4333 omnia
3231 4272 3304 4334 ad
3348 4284 3607 4340 nostram

233 4370 497 4449 ἡμετέραν
546 4367 806 4449 ὠφέλειαν
877 4364 1273 4446 διαπράττεται.
1343 4366 1560 4463 Ἀμέλει
1635 4370 1722 4425 καὶ
1791 4374 1879 4425 vi}:

1968 4368 2211 4429 salutem
2249 4362 2649 4463 facitqltaque
2689 4369 2748 4461 et
2776 4379 2945 4463 nunc
2964 4379 3097 4460 cum
3148 4362 3420 4463 audisset
3450 4367 3609 4446 quod

235 4448 486 4534 ἀκούσας,
548 4448 628 4513 ὅτι
683 4458 729 4513 οἱ
788 4463 1074 4535 Φαρισαῖοι
1155 4458 1273 4534 περὶ
1350 4461 1447 4523 τῆς
1510 4454 1663 4524 δοξῆς
1722 4458 1880 4514 αὐτοῦ

1968 4454 2243 4520 Pharisaei
2272 4454 2345 4513 de
2374 4450 2561 4530 gloria
2593 4450 2778 4531 ipsius
2809 4448 3236 4524 audiverint,et
3260 4451 3440 4514 sciret
3460 4470 3610 4518 con-

236 4547 494 4620 ἤκουσαν,
556 4548 643 4604 καὶ
706 4546 885 4626 γνοὺς,
960 4544 1040 4601 ὅτι
1122 4546 1197 4609 εἰς
1250 4548 1436 4625 φθόνον
1504 4548 1880 4616 κινηθήσονται

1968 4554 2052 4607 tra
2080 4545 2273 4624 ipsum
2294 4540 2365 4602 ad
2388 4538 2671 4601 invidiam
2694 4538 3343 4602 concitandos.secedit
3364 4542 3422 4603 in
3441 4543 3608 4605 Gali-

234 4638 325 4694 τὸν
364 4633 484 4693 κατ’
544 4636 723 4709 αὐτοῦ,
785 4636 1069 4714 ὑποχωρεῖ
1112 4634 1185 4697 εἰς
1239 4634 1339 4701 τὴν
1397 4633 1679 4691 Γαλιλαίαν
1718 4653 1733 4667 ⁸
1794 4633 1881 4691 δύο

1968 4634 2159 4705 Ιωιιιιι,
2194 4631 2309 4692 duo
2344 4648 2453 4690 nos
2483 4628 2707 4690 docens
2740 4648 2753 4688 :
2789 4646 2970 4688 unum
3003 4628 3267 4707 quidem,
3305 4637 3366 4690 ut
3396 4646 3608 4711 parca-

233 4732 400 4783 ταῦτα
469 4723 725 4782 διδάσκων
792 4726 934 4800 ἡμᾶς
969 4742 985 4758 '
1048 4725 1103 4781 ἓν
1157 4724 1276 4799 μὲν,
1339 4725 1401 4780 τὸ
1466 4722 1727 4805 φείδεσθαι
1777 4731 1881 4781 τῶν

1968 4740 2098 4784 mus
2127 4718 2405 4791 inimicis,
2442 4726 2499 4779 et
2540 4717 2701 4779 omni
2742 4716 2917 4777 modo
2968 4725 3271 4779 tentemus
3319 4737 3437 4781 non
3468 4721 3611 4784 dare

234 4814 466 4894 ἐχθρῶν,
526 4815 614 4871 καὶ
697 4812 870 4870 πάντα
950 4814 1147 4892 τρόπον
1207 4815 1482 4891 πειρᾶσθαι
1543 4813 1619 4889 μὴ
1690 4810 1881 4870 διδόναι

1968 4812 2055 4873 eis
2087 4807 2460 4871 occasionem
2493 4806 2755 4868 scandali
2784 4805 2873 4868 vel
2915 4805 3178 4879 invidias;
3226 4806 3497 4883 alterum,
3533 4828 3610 4872 ne

234 4906 420 4968 αὺτοῖς
464 4903 709 4985 ἀφορμὴν
767 4898 1057 4958 σκανδάλου
1105 4901 1141 4968 ἢ
1185 4900 1372 4981 φθόνου
1406 4916 1420 4931 ⁸
1481 4900 1657 4982 ἕτερον
1700 4899 1778 4982 δὲ,
1823 4904 1884 4959 τὸ

233 4995 313 5069 μὴ
367 4991 693 5071 ἰπιῤῥίπτειν
761 4991 977 5056 ἑαυτοὺς
1055 5002 1174 5054 τοῖς
1251 5003 1573 5068 ποιρασμοῖς
1644 4990 1882 5062 ἀνοήτως

230 5083 321 5140 καὶ
376 5082 671 5161 ἂνονήτως,
718 5077 837 5136 ἀλλ’
893 5081 1201 5159 ὑποχωρεῖν
1261 5079 1392 5158 πρὸς
1442 5082 1652 5159 καιρὸν,
1689 5081 1881 5161 μέχρις

232 5170 296 5227 ἂν
351 5173 387 5240 ἡ
436 5170 595 5246 μανία
638 5170 825 5249 ῥαίσῃ.
890 5169 1071 5226 Καίτοι
1128 5166 1183 5224 δὲ
1242 5165 1455 5231 δυνατὸς
1510 5170 1585 5225 ὢν
1629 5169 1881 5249 ἐπισχεῖν

229 5261 353 5325 τοὺς
413 5260 555 5333 αὒτῷ
611 5263 949 5339 φθονοῦντας,
1002 5258 1100 5314 κᾶν
1156 5259 1199 5313 εἰ
1238 5263 1358 5314 κατ’
1401 5260 1555 5315 αὐτοῦ
1598 5259 1878 5340 ὥρμησαν,

230 5348 381 5426 ὅμως
431 5348 789 5427 ὑπεξίσταται,
847 5345 987 5404 ὥστε
1070 5346 1148 5423 μὴ
1233 5346 1519 5426 φαντασίαν
1577 5345 1725 5414 δόξαι
1781 5348 1881 5415 τὴν

234 5438 538 5513 οἰκονομίαν
596 5442 693 5505 τῆς
751 5435 968 5515 σαρκός.
1035 5437 1091 5493 Εἰ
1148 5436 1248 5514 γὰρ
1306 5436 1563 5515 συχνάκις
1594 5434 1677 5493 διὰ
1719 5436 1882 5513 μέσου

232 5527 407 5586 αὐτῶν
437 5524 718 5607 ἰξήρχετο,
774 5526 825 5581 τί
876 5525 972 5582 οὒκ
1002 5522 1065 5581 ἂν
1091 5523 1255 5583 εἷπον
1293 5527 1339 5581 οἱ
1367 5524 1878 5610 Φαντασιοδοκῖλται,

310 5688 365 5737 91
404 5688 530 5747 Act.
568 5702 704 5763 χιιι,
736 5686 837 5749 28.
926 5684 986 5735 9⁸
1015 5684 1245 5747 Coloss.
1279 5702 1363 5757 ιιι,
1398 5687 1456 5748 4.

554 5848 817 5913 Panos.
860 5850 975 5913 Gn.
1021 5847 1292 5912 CXXIII.

1968 4899 2303 4981 injiciamus
2335 4915 2443 4957 nos
2472 4896 2533 4955 in
2569 4895 2951 4958 tentationem
3001 4894 3352 4975 insipienter
3379 4908 3438 4961 et
3468 4898 3609 4962 inu-

1968 4986 2284 5053 tiliter.sed
2316 4983 2666 5047 secedamus
2683 4985 2754 5045 ad
2784 4983 3243 5065 tempus,donec
3265 4985 3496 5048 insania
3517 5006 3611 5049 re-

1965 5080 2157 5143 sideat
2189 5073 2468 5149 Quamvis
2497 5082 2691 5135 autem
2718 5084 2929 5153 potens
2951 5073 3026 5133 sit
3044 5073 3328 5136 cohibere
3347 5076 3612 5139 inviden-

1967 5179 2053 5231 tes
2083 5166 2217 5246 sibi,
2257 5161 2485 5225 etiamsi
2535 5162 2759 5243 impetu
2808 5161 3065 5242 quodam
3099 5180 3257 5225 nunc
3304 5176 3608 5243 urgerent,

1965 5277 2083 5321 non
2116 5264 2310 5317 tamen
2334 5252 2447 5313 hoc
2468 5251 2692 5331 egit,ne
2710 5251 3011 5312 videretur
3042 5250 3478 5330 phantasticum
3496 5254 3610 5316 ha-

1965 5348 2107 5410 bere
2128 5360 2387 5424 corpus:
2425 5341 2475 5402 si
2506 5340 2665 5402 enim
2708 5358 2864 5421 saepe
2899 5356 3004 5420 per
3050 5340 3311 5403 medium
3371 5342 3612 5405 illorum

1964 5431 2371 5514 exiisset,quid
2405 5449 2523 5493 non
2542 5429 2829 5492 dixissent
2851 5428 3613 5505 Phantasiodocetze,Mani-

1964 5526 2136 5604 cbaei,
2169 5523 2433 5603 inquam,
2470 5526 2530 5581 et
2565 5517 2963 5582 Valentiniani
2985 5525 3042 5579 et
3066 5516 3445 5600 Eutychiani?
3469 5522 3615 5585 Insi-

3190 5840 3289 5904 39.
