4116 6318
520 352 670 418 1227
1420 351 2015 416 THEOPHYLACTI
2056 349 2468 418 BULGARLE
2490 357 2848 423 ARCHIEP.
3753 359 3784 419 Ι
3798 354 3933 421 228

515 508 708 553 nuans
732 496 931 552 autem
956 486 1314 568 evangelista
1343 486 1626 549 invidiam
1662 505 1907 567 pronam
1942 502 2075 547 esse
2103 479 2159 542 at

2261 485 2306 539 οἰ
2362 489 2480 564 περὶ
2540 490 2801 566 Μάνεντα,
2859 487 3026 570 λέγω,
3076 491 3165 546 καὶ
3233 488 3606 565 Οὖαλεντῖνον,
3669 489 3763 545 καὶ
3826 489 3933 545 τὸν

515 578 903 653 calumniam,
939 577 1108 657 dicit,
1142 576 1407 657 quamvis
1446 577 1618 638 .lesus
1668 595 1786 637 non
1838 573 2159 655 baptizarit,

2255 575 2551 653 κατάρατον
2609 582 2824 660 Εὔτυχῇ
2856 600 2871 655 ;
2903 578 3275 653 Αἰνιττόμενος
3322 576 3377 634 δὲ
3434 580 3461 635 ὁ
3518 576 3931 655 εὖαγγελιστής

513 667 700 730 invidi
734 677 932 729 tamen
961 667 1225 728 volentes
1261 666 1563 728 concitare
1595 665 1925 729 Pharisaeos
1961 678 2159 727 contra

2254 664 2314 718 τὸ
2365 676 2460 725 τοῦ
2513 669 2702 748 φθόνου
2791 670 3201 748 συκοφαντικὸν,
3239 670 3422 748 φησὶν,
3466 667 3546 724 ὅτι
3589 671 3766 725 καίτοι
3795 688 3862 745 γε
3896 669 3929 721 ὃ

514 756 839 831 Christum,
870 755 1393 818 calumniabantur
1425 774 1559 816 eum
1594 754 1763 836 quasi
1787 754 2159 835 baptizasset.

2254 750 2460 820 Ἰησοῦς
2532 761 2626 816 οὐκ
2686 756 2985 831 ἐϐάπτιζεν,
3054 755 3174 813 ἀλλ’
3263 757 3409 832 ὅμως
3467 760 3512 814 οἱ
3568 761 3923 837 φθονοῦντες,

519 874 547 904 α
572 845 898 924 Oportebat
924 854 1117 907 autem
1144 845 1340 925 ipsum
1365 844 1620 905 transire
1644 862 1750 924 per
1769 842 2159 906 Samariam.»

2252 841 2566 918 βουλόμενοι
2623 848 2919 917 ὑποκνίζειν
2994 847 3113 909 τοὺς
3184 847 3496 924 Φαρισαίους
3559 846 3692 902 κατὰ
3773 852 3923 921 Χρι-

511 936 713 1000 Veluti
744 934 939 997 obiter
960 944 1020 998 et
1052 952 1168 997 non
1200 933 1493 996 destinato
1527 934 1742 995 itinere
1764 932 2159 996 Samaritanos

2252 938 2399 1006 01:06,
2459 932 2839 1015 ἐσυκοφάντουν
2899 935 3055 994 αὐτὸν
3120 937 3194 999 ὡς
3263 936 3601 1011 βαπτίζοντα,
3657 956 3679 987 ιι
3743 930 3921 989 ’Ἔδει

511 1027 732 1090 adibat.
784 1023 929 1087 Vide
959 1025 1120 1087 enim
1177 1023 1333 1104 quod
1382 1042 1499 1085 non
1553 1023 1791 1103 dixerit,
1842 1021 2159 1103 Oportebat

2247 1019 2299 1076 δὲ
2359 1023 2515 1079 αὐτὸν
2559 1022 2857 1104 διέρχεσθαι
2900 1022 2984 1080 διὰ
3026 1023 3122 1092 τῆς
3180 1025 3505 1104 Σαμαρείας.
3566 1048 3589 1082 ε
3650 1016 3747 1085 ’δὶς
3800 1023 3922 1098 πάρ

511 1117 707 1197 ipsum
764 1113 931 1175 abire
975 1114 1036 1175 in
1082 1112 1438 1187 Samariam,
1502 1111 1631 1186 sed,
1679 1135 1695 1168 ι
1760 1112 2010 1173 transire
2059 1128 2159 1191 per

2246 1131 2398 1189 εργον
2440 1111 2540 1190 γὰρ
2612 1110 2732 1173 ὁδοῦ
2816 1112 3057 1170 ἐποιεῖτο
3132 1114 3251 1178 τοὺς
3322 1115 3674 1192 Σαμαρείτας.
3766 1110 3921 1188 ’Ὅρα

512 1204 903 1270 Samariam.»
935 1202 1191 1264 Volebat
1212 1202 1369 1263 enim
1396 1202 1777 1264 occasionem
1798 1218 2033 1261 omnem
2057 1219 2159 1261 ca-

2246 1200 2344 1277 γὰρ
2389 1198 2469 1255 ὅτι
2500 1204 2593 1260 οὐκ
2624 1215 2799 1274 εἶπεν,
2853 1198 3017 1258 ’Ἔδει
3077 1203 3234 1259 αὐτὸν
3290 1202 3613 1283 ἀπέρχεσθαι
3675 1203 3752 1265 εἰς
3803 1207 3923 1255 Σα-

510 1296 750 1358 lumniaa
800 1292 1022 1357 Iudaeis
1081 1293 1456 1368 exscindere,
1513 1301 1576 1354 ut
1631 1292 1839 1354 dicere
1870 1291 2010 1354 διες
2045 1310 2159 1353 non

2247 1290 2491 1369 μάρειαν,
2549 1288 2712 1366 ἀλλὰ,
2778 1311 2803 1347 ι
2869 1288 3171 1370 διέρχεσθαι
3223 1289 3307 1349 διὰ
3360 1293 3458 1359 τῆς
3503 1291 3838 1370 Σαμαρείας,
3886 1314 3913 1344 ι

512 1384 741 1466 possint
758 1382 1166 1464 quod,relictis
1189 1380 1756 1450 eis,concesseritad
1781 1390 2159 1463 gentes,quas

2249 1374 2532 1436 Ἐϐούλετο
2603 1381 2704 1458 γὰρ
2770 1380 3032 1459 πρόφασιν
3116 1386 3290 1437 πᾶσαν
3375 1380 3691 1458 κατηγορίας
3786 1393 3919 1441 τοῖς

510 1464 1027 1536 abominabantur.
1080 1470 1329 1543 Quando
1389 1479 1587 1533 autem
1636 1469 2159 1549 abegerunteum,

2251 1464 2515 1532 Ἰουδαίοις
2563 1467 2811 1549 ἐκκόψαι,
2897 1469 3034 1524 ὣστε
3090 1470 3169 1545 μὴ
3240 1467 3389 1549 ἔχειν
3457 1471 3642 1531 αὐτοὺς
3694 1467 3919 1546 λέγειν,

512 1572 652 1625 tunc
681 1562 929 1623 accessit
948 1560 1020 1621 ad
1049 1559 1326 1641 gentiles,
1352 1568 1411 1623 et
1440 1578 1634 1641 neque
1665 1566 1807 1622 tunc
1841 1578 1911 1622 ex
1940 1576 2159 1640 propo-

2247 1553 2327 1641 δτι
2370 1555 2518 1635 ἀφεὶς
2552 1558 2739 1621 αὐτοὺς
2784 1559 2857 1620 εἰς
2901 1558 2967 1614 τὰ
3025 1557 3147 1634 ἔθνη
3206 1560 3272 1615 τὰ
3320 1557 3576 1635 βδελυκτὰ
3611 1559 3917 1633 μετῆλθεν.

511 1652 650 1734 sito,
684 1652 791 1714 86d
815 1633 1080 1713 obiter:
1310 1633 1324 1641 '
1538 1633 1558 1641 -
1940 1633 1958 1640 ⁷
2049 1633 2067 1640 ⁵
2250 1633 2431 1734 Ηριιεαν
2468 1646 2569 1725 γὰρ
2614 1645 2918 1734 ἀπήλαυνον
2965 1633 3145 1727 αὐτὸν,
3189 1633 3468 1712 16:57:01;
3499 1646 3725 1711 ἐθνικοῐς
3757 1668 3917 1725 παρ-

2243 1732 2400 1791 έϐαλε
2434 1750 2449 1765 ⁶
2530 1736 2618 1793 καὶ
2701 1733 2818 1792 ουδὲ
2901 1737 3022 1794 τότε
3106 1736 3542 1815 προηγουμένως,
3624 1732 3745 1792 ἀλλ’
3848 1737 3921 1792 ἐκ

2181 1848 2220 1898 Β
2242 1826 2527 1907 παρέργου.

593 1924 911 2001 Vzns.5,6.
926 1922 1139 1987 «Venit
1162 1940 1310 2004 ergo
1334 1922 1395 1984 in
1418 1923 1712 1985 civitatem
1732 1919 2017 1985 Samaria;
2034 1938 2159 2001 quas

2332 1940 2361 1973 ε
2395 1913 2666 1998 ’Ἔρχεται
2710 1917 2799 1974 οὗν
2847 1920 2919 1985 εἰς
2972 1917 3128 1975 πόλιν
3169 1919 3265 1986 τῆς
3320 1918 3619 1996 Σαμαρείας
3660 1915 3915 1995 λεγομέ-

509 2013 728 2077 dicitur
749 2012 992 2095 Sycbar,
1014 2012 1187 2091 juxta
1214 2010 1504 2094 praedium
1554 2009 1715 2092 quod
1768 2008 1936 2073 dedit
1985 2008 2159 2073 Iacob

2247 2030 2343 2095 νην
2388 2008 2596 2088 Συχὰρ,
2660 2005 2888 2075 πλησίον
2912 2006 3039 2095 ’τοῦ
3094 2008 3320 2088 χωρίου,
3367 2008 3396 2062 ὃ
3454 2005 3645 2095 ἔδωκεν
3704 2004 3920 2095 Ἰακὼϐ

508 2104 725 2185 Ioseph
763 2083 885 2165 filio
914 2083 1138 2163 suo'93.
1172 2083 1317 2164 Erat
1345 2107 1543 2162 autem
1572 2083 1668 2161 ibi
1721 2098 1853 2161 fons
1897 2096 2102 2159 Jacob.
2133 2123 2159 2155 ι

2247 2094 2446 2185 έίωσὴφ
2698 2098 2877 2157 αὑτοῦ.
2912 2083 3010 2154 Ἠν
3040 2083 3243 2153 δὲ’ἰεκεῖ
3453 2094 3545 2152 τοῦ
3596 2092 3813 2157 Ἰακώϐ.
3874 2121 3907 2151 ι

509 2183 719 2272 Operae
752 2191 1006 2273 pretium
1037 2188 1218 2252 fuerit
1240 2188 1445 2252 dicere
1475 2188 1637 2250 unde
1660 2186 2018 2251 Samaritani
2049 2188 2159 2250 ori-

2248 2183 2448 2251 ’Ἄξιον
2503 2187 2698 2260 εἰπεῖν,
2734 2188 2893 2243 πόθεν
2935 2189 2981 2242 οἱ
3026 2192 3356 2265 Σαμαρεῖται
3399 2184 3749 2258 συνέστησαν,
3810 2188 3911 2241 καὶ

506 2271 703 2363 ginem
730 2271 1094 2354 duxerint,et
1114 2279 1275 2340 unde
1294 2276 1759 2358 appellationem
1785 2276 1949 2338 illam
1973 2277 2159 2338 sortiti

2245 2278 2405 2331 πόθεν
2460 2275 2557 2363 τὴν
2638 2275 3001 2355 προσηγορίαν
3060 2276 3257 2343 ταύτην
3310 2271 3523 2337 ἔλαϐον,
3601 2276 3779 2353 Σομὸρ
3838 2277 3907 2330 τὸ

506 2362 745 2435 fuerint.
780 2370 997 2432 Somor
1032 2369 1193 2431 enim
1226 2385 1399 2429 mons
1428 2368 1749 2429 vocabatur
1769 2367 1841 2428 ab
1873 2385 1945 2428 eo
1979 2385 2013 2428 a
2046 2386 2159 2448 quo

2246 2364 2364 2448 δ’ρος
2409 2362 2661 2421 ἐκαλεῖτο
2704 2364 2810 2422 ἀπὸ
2868 2372 2972 2448 Δτοῦ
3018 2364 3351 2441 κτησαμένου
3416 2365 3566 2443 αὐτὸ,
3631 2364 3765 2419 καθὰ
3804 2367 3904 2423 καὶ

510 2459 949 2542 possidebatnr,
1012 2457 1166 2519 sicut
1215 2466 1277 2519 et
1332 2455 1517 2518 Isaias
1563 2456 1766 2518 dicit:
1803 2479 1832 2516 ι
1865 2459 1936 2519 Et
1990 2444 2159 2536 caput

2249 2445 2476 2542 Ἠσαῖας
2519 2454 2677 2535 φησίν
2714 2470 2728 2485 ⁸
2777 2473 2809 2515 (
2867 2444 2930 2511 Ἠ
2986 2454 3193 2535 κεφαλὴ
3252 2453 3507 2532 Σομόρων
3562 2450 3823 2531 Ἐφραίμ.
3867 2476 3896 2507 ιι

509 2540 725 2614 Somor
752 2545 1032 2628 Ephraim
1051 2547 1137 2606 94.
1176 2570 1202 2601 ι
1238 2543 1351 2618 Qui
1372 2553 1570 2606 autem
1592 2544 1665 2606 ad
1698 2547 1960 2607 muntem
1993 2543 2159 2606 illum

2245 2544 2303 2599 Ol
2347 2540 2401 2598 δὲ
2442 2544 2544 2599 ὕπὸ
2574 2544 2637 2599 τὸ
2682 2542 2802 2620 ὅρος
2848 2544 3137 2617 οἰκοῦντες,
3170 2546 3231 2602 οὗ
3273 2549 3605 2621 Σαμαρεῖται
3647 2542 3708 2597 τὸ

506 2627 873 2710 habitabant,
906 2634 1164 2715 primum
1205 2653 1323 2695 non
1378 2634 1743 2699 vocabantur
1772 2632 2155 2705 Samaritani,

2244 2654 2352 2711 τον,
2410 2629 2531 2688 ἀλλ’
2592 2630 2925 2711 Ἰσραηλῖται
2980 2630 3251 2711 ἐλέγοντο.
3322 2631 3783 2710 Προσκρούσαντες
3839 2627 3895 2687 δὲ

509 2727 614 2789 sed
647 2725 928 2789 Israelitae
958 2724 1312 2786 dicebantur
1337 2724 1426 2787 95.
1460 2726 1606 2787 Cum
1636 2732 1838 2786 autem
1865 2722 2155 2786 offendis-

2244 2728 2317 2795 τῷ
2376 2728 2512 2797 Θεῷ,
2574 2719 2938 2801 παρεδόθησαν
3003 2721 3138 2778 κατὰ
3185 2718 3460 2800 διαφόρους
3518 2720 3729 2794 καιροὺς
3772 2733 3894 2782 τοῖς

507 2824 641 2877 sent
670 2812 1087 2892 Deum,traditi
1107 2821 1243 2874 sunt
1266 2812 1444 2875 variis
1476 2812 1848 2894 temporibus
1877 2812 2156 2893 Assyriis.

2244 2810 2561 2889 Ἀσσυρίοις,
2630 2808 2790 2875 Τέλος
2848 2808 2901 2866 δὲ
2965 2813 2992 2867 ὁ
3053 2809 3328 2889 ’Δσσῦριος
3386 2807 3621 2866 ἐπελθὼν
3677 2807 3887 2887 αὒτοῖς,

506 2904 774 2969 Tandem
802 2901 1252 2985 Assyrius,cum
1274 2902 1675 2965 defectionem
1706 2901 2157 2983 meditarentur,

2244 2900 2568 2958 ἀποστασίαν
2624 2899 3007 2976 μελεττζσασιν,
3065 2898 3185 2956 ε’ίλέ
3242 2921 3298 2954 τε
3363 2897 3575 2978 αὐτοὺς,
3650 2898 3738 2953 καὶ
3795 2897 3893 2954 οἶδ-κ

506 2993 847 3076 supervenit
876 2992 1184 3073 tenuitque
1204 2994 1553 3071 captivos,et
1575 3010 1692 3054 non
1724 2992 1879 3054 ultra
1901 2992 1959 3051 in
1991 3009 2157 3052 suam

2244 2989 2317 3045 ἔτι
2376 2989 2553 3064 μένειν
2625 2991 2759 3046 κατὰ
2841 2988 3026 3069 χώραν
3116 2988 3356 3069 ἀφίησιν,
3426 2987 3735 3043 ὑποπτεύων
3789 2986 3891 3053 τὴν

504 3073 807 3165 regionem
839 3082 1005 3145 abire
1026 3081 1638 3164 permisit,suspicans
1669 3084 1882 3143 iterum
1900 3080 2158 3143 defectu-

2244 3080 2388 3143 αὖθις
2419 3076 2742 3136 ἀποστασίαν
2777 3093 2791 3109 ·
2849 3076 2986 3135 ἀλλὰ
3032 3078 3245 3142 τούτους
3296 3077 3393 3153 μὲν
3423 3077 3497 3140 εἰς
3530 3073 3891 3139 Βαϐυλωνίους

502 3162 602 3238 ι’οέ
630 3193 645 3237 :
678 3174 782 3237 sed
824 3173 957 3234 illos
995 3162 1237 3253 quidem
1288 3171 1589 3235 transtulit
1620 3171 1683 3232 in
1715 3170 2071 3250 Babylonios
2102 3177 2159 3232 et

2244 3171 2326 3225 καὶ
2376 3165 2584 3239 Μήδους
2629 3169 2954 3247 μετήγαγεν,
3015 3166 3219 3224 ἐκεῖθεν
3274 3165 3327 3222 δὲ
3384 3166 3508 3234 ἔθνη
3538 3165 3600 3223 ἐκ
3628 3162 3891 3243 διαφόρων

506 3263 732 3339 Medos,
762 3260 1088 3324 Samariam
1114 3267 1313 3322 autem
1345 3259 1622 3339 gentibus
1642 3278 1714 3322 ex
1735 3258 1987 3321 diversis
2009 3257 2157 3320 locis

2244 3257 2413 3315 τόπων
2459 3258 2699 3338 ἀγαγὼν,
2758 3259 3053 3332 κατῴκισεν
3110 3256 3162 3314 ἐν
3215 3263 3284 3334 τῇ
3343 3258 3636 3336 Σαμαρείᾳ.
3680 3255 3891 3313 Τούτων

504 3351 875 3432 congregatis
906 3350 1202 3412 coloniam
1236 3349 1423 3411 dedit.
1446 3348 1629 3411 Porro
1656 3368 1838 3429 quum
1855 3349 1980 3410 haec
2005 3348 2156 3410 facta

2244 3345 2291 3403 δὲ
2334 3347 2657 3426 γενομένων,
2715 3346 3042 3424 βουλόμενος
3101 3350 3129 3403 ὁ
3174 3347 3301 3410 Θεὸς
3332 3344 3498 3412 δεῖξαι
3531 3359 3647 3410 τοῖς
3686 3341 3891 3422 βαρϐά-

505 3452 728 3517 essent,
761 3440 919 3504 Deus
952 3448 1282 3502 monstrare
1305 3439 1513 3503 volens
1543 3436 1815 3501 barbaris
1846 3438 2003 3521 quod
2034 3456 2154 3500 non

504 3541 747 3613 propter
792 3528 1228 3611 impotentiam,
1283 3526 1389 3589 sed
1449 3536 1692 3609 propter
1748 3534 1989 3607 peccata
2034 3526 2153 3588 illis

497 3621 735 3684 Iudaeos
766 3618 997 3682 servire
1026 3617 1264 3693 fecerit,
1299 3616 1550 3679 immisit
1580 3620 1786 3680 leones
1810 3617 1871 3679 in
1896 3635 2021 3693 eos,
2053 3617 2154 3699 qui

500 3711 561 3773 in
595 3708 859 3772 Samaria
898 3706 1185 3781 habitant,
1248 3706 1557 3781 barbaros,
1595 3706 1695 3787 qui
1745 3705 1882 3768 illos
1933 3706 2153 3787 perde-

507 3800 652 3862 bant
680 3815 908 3860 omnes.
944 3797 1067 3859 Rex
1090 3812 1231 3857 vero
1262 3814 1394 3857 cum
1428 3796 1541 3858 hoc
1571 3796 1859 3866 audisset,
1895 3796 2055 3858 misit
2084 3796 2156 3858 ad

512 3887 797 3969 quosdam
831 3904 899 3948 ex
931 3884 1269 3947 senioribus
1299 3884 1539 3960 Iudaeis,
1568 3892 1629 3949 et
1651 3885 1877 3962 rogavit
1905 3884 2043 3965 quid
2066 3884 2157 3947 fa-

513 3976 815 4051 ciendum,
847 3985 1055 4036 utnon
1088 3976 1239 4035 ultra
1268 3974 1476 4037 leones
1527 3974 1781 4055 perdant
1821 3992 1946 4055 eos,
1972 3974 2161 4056 quiin

514 4065 806 4142 Samaria,
838 4064 1142 4145 barbaros.
1187 4062 1278 4124 Illi
1324 4073 1521 4125 autem
1567 4061 1924 4125 enarrabant
1969 4066 2156 4127 Deum

512 4155 693 4219 Israel
716 4155 1021 4236 suspicere
1040 4153 1235 4215 locum
1258 4152 1649 4228 illum,etnon
1673 4152 1872 4215 sinere
1894 4152 2162 4215 habitare

514 4246 636 4308 illic
666 4264 767 4307 eos
803 4244 903 4325 qui
953 4262 1058 4305 sua
1078 4242 1343 4321 legitima
1375 4243 1675 4322 ignorent.
1710 4239 1895 4320 Igitur
1925 4242 1973 4303 si
2004 4259 2163 4303 cura:

512 4336 622 4397 sibi
657 4335 775 4396 sint
809 4332 1045 4393 barbari
1062 4332 1160 4413 qui
1182 4331 1327 4411 illic,
1355 4330 1543 4393 mittat
1565 4331 1801 4393 Iudaeos
1820 4330 2162 4392 sacerdotes

2238 3457 2370 3515 ροις,
2416 3435 2496 3493 ὅτι
2528 3435 2607 3510 μὴ
2656 3432 2724 3491 δι’
2777 3435 3073 3511 ἀσθένειαν,
3107 3432 3227 3492 ἀλλ’
3285 3434 3351 3491 δι’
3384 3434 3644 3512 ἁμαρτίαν
3672 3432 3888 3499 ἐξέδωκε

2234 3525 2357 3587 τοὺς
2401 3522 2676 3587 Ἰουδαίους
2734 3522 2944 3602 αὺτοῖς,
2989 3526 3248 3605 ἔπαφίησι
3303 3522 3521 3587 λέοντας
3574 3536 3691 3589 τοῖς
3751 3543 3889 3598 μετ-

2239 3617 2547 3671 οικισθεῖσιν
2598 3614 2651 3671 ἐν
2726 3615 2998 3695 Σαμαρείᾳ
3061 3610 3374 3693 βαρϐάροις,
3423 3612 3620 3678 οἵτινες
3675 3613 3888 3675 τούτους

2236 3703 2577 3779 ἐλυμαίνοντο
2651 3701 3051 3770 ἁπαξάπαντας.
3138 3701 3594 3782 Ἀπαγγελθέντος
3652 3700 3707 3757 δὲ
3759 3712 3887 3759 τού-

2241 3815 2333 3849 του
2375 3800 2452 3868 τῷ
2509 3791 2749 3875 βασιλεῖ,
2782 3791 3196 3871 μεταστέλλεταί
3236 3815 3385 3857 τινας
3427 3800 3533 3850 τῶν
3590 3792 3645 3849 ἒν
3674 3792 3887 3871 αἰχμα-

2243 3881 2411 3956 λωσίᾳ
2463 3883 2724 3963 γερόντων
2768 3881 3056 3963 Ἰουδαίων,
3112 3884 3199 3939 καὶ
3268 3881 3461 3957 ἐρωτᾷ,
3534 3882 3585 3939 τί
3638 3881 3890 3947 ποιητέον

2245 3970 2361 4045 εἴη,
2421 3970 2483 4029 ἂν
2541 3972 2732 4049 μηκέτι
2790 3974 2837 4030 οἰ
2894 3970 3104 4035 λέοντες
3152 3970 3506 4047 λυμαίνωνται
3549 3971 3669 4035 τοὺς
3725 3970 3779 4027 ἂν
3822 3976 3888 4045 τῇ

2246 4061 2516 4140 Σαμαρείᾳ
2572 4058 2886 4141 βαρϐάρους,
2954 4064 3013 4119 Οἱ
3060 4058 3113 4115 δὲ
3171 4062 3497 4139 ὑφηγοῦνται
3569 4059 3735 4134 αὐτῷ,
3809 4059 3887 4115 ὅτι

2246 4151 2272 4205 ὁ
2339 4151 2468 4214 Θεὸς
2498 4156 2591 4206 τοῦ
2619 4147 2834 4226 Ἰσραὴλ
2886 4149 3045 4230 ἐφορᾷ
3095 4150 3184 4205 τὸν
3227 4150 3391 4207 τόπον
3421 4148 3648 4225 ἐκεῖνον,
3681 4147 3767 4204 καὶ
3796 4149 3891 4206 οὒκ

2245 4239 2494 4319 ἀνέχεται
2552 4253 2825 4296 κατοικεῖν
2894 4242 3011 4295 ἐκεῖ
3054 4240 3173 4302 τοὺς
3218 4240 3296 4315 μὴ
3362 4240 3427 4296 τὰ
3489 4240 3645 4295 αὐτοῦ
3690 4235 3887 4300 εἰδότας

2246 4329 2470 4404 νόμιμα,
2530 4328 2596 4386 Εἴ
2640 4351 2689 4385 τι
2735 4331 2822 4385 οὖν
2882 4330 3022 4402 αὐτῷ
3081 4325 3231 4403 μέλει
3275 4334 3380 4386 τῶν
3427 4328 3542 4386 έκεῖ
3592 4324 3881 4406 βαρϐάρων,

515 4425 617 4506 qui
660 4423 764 4486 Dei
817 4423 1078 4502 legitima
1131 4422 1397 4483 barbaris
1448 4420 1705 4501 tradant,
1739 4429 1797 4482 et
1819 4421 1901 4482 sic
1935 4420 2159 4501 placent

2254 4418 2464 4475 στεῖλαι
2493 4420 2654 4497 ἱερεῖς
2698 4416 3002 4492 Ἰουδαίους,
3040 4420 3094 4474 οἳ
3138 4419 3204 4473 τὰ
3233 4424 3325 4475 τοῦ
3357 4424 3487 4475 Θεοῦ
3529 4419 3728 4495 νόμιμα
3770 4430 3883 4479 τοῖς

516 4516 730 4578 Deum.
757 4511 1143 4592 Obtemperat
1172 4510 1288 4571 illis
1319 4528 1444 4589 rex,
1471 4519 1530 4571 et
1580 4509 1758 4571 mittit
1787 4510 2160 4573 sacerdotem

517 4603 833 4685 quemdam
865 4601 1216 4663 traditurum
1242 4599 1353 4673 his,
1382 4599 1479 4678 qui
1512 4598 1572 4658 in
1597 4596 2166 4670 Samaria,barbaris

517 4692 709 4772 legem
742 4690 869 4753 Dei.
896 4691 969 4751 At
997 4688 1084 4750 illi
1116 4707 1231 4749 non
1273 4706 1481 4749 omnes
1512 4687 1695 4748 libros
1726 4688 1956 4749 divinos
1988 4705 2162 4749 rece-

519 4781 863 4863 perunt,sed
884 4787 1107 4840 tantum
1127 4778 1390 4858 quinque
1411 4776 1599 4838 libros
1615 4776 2132 4855 Moysis.Genesim
2147 4826 2161 4851 ,

517 4871 818 4945 Exodum,
852 4868 1505 4940 Leviticum,Numeros
1525 4874 1583 4928 et
1606 4864 2158 4927 Deuteronomium:

518 4980 712 5041 neque
744 4960 1003 5041 perfecte
1028 4958 1104 5018 ab
1132 4955 1436 5036 impietate
1457 4955 1952 5029 discesserunt,et
1972 4966 2163 5036 poste-

514 5051 773 5114 rioribus
785 5049 1020 5130 quidem
1037 5056 1153 5110 tem
1163 5043 1403 5124 poribus
1414 5045 1766 5107 abstiterunt
1779 5044 1851 5106 ab
1865 5046 2160 5106 idolorum

519 5139 1015 5218 cultu,Deumque
1039 5136 1352 5197 coluerunt
1395 5137 1593 5215 Itaque
1628 5134 1816 5198 Judaei
1847 5152 1881 5195 a
1913 5134 2160 5214 captivi-

521 5237 642 5295 tate
686 5228 941 5309 regressi
1001 5224 1429 5287 aemnlabantur
1466 5225 1620 5299 illos,
1656 5232 1859 5304 utpote
1888 5223 2161 5303 Assyrios

519 5338 760 5400 genere,
785 5326 843 5380 et
873 5335 907 5377 a
943 5324 1140 5377 monte
1157 5313 1558 5375 Samaritanos
1583 5312 2005 5375 vocabant.ll|e
2023 5331 2161 5373 vero

518 5410 817 5473 Abraham
846 5404 1104 5468 etJacob
1135 5404 1547 5485 progenitores
1573 5421 1709 5463 suos
1742 5402 2159 5465 nominabant:

516 5497 797 5577 quoniam
829 5494 1129 5557 Abraham
1164 5492 1471 5557 Chaldaeus
1501 5492 1779 5572 fuerat,et
1809 5491 2162 5573 Jacob,pro-

2246 4506 2526 4587 βαρϐάροις
2596 4506 3015 4587 παραδώσουσιν,
3092 4507 3184 4575 κηὶ
3241 4506 3405 4571 οὖτως
3458 4506 3882 4578 ἔειλεωθήσεσθαι

2246 4599 2334 4653 τὸν
2396 4597 2547 4656 Θεόν.
2596 4598 2830 4653 Πείθεται
2890 4598 3094 4661 τούτοις
3156 4599 3184 4653 ὁ
3241 4596 3511 4674 βασιλεὺς,
3547 4598 3636 4653 καὶ
3691 4596 3881 4672 πέμπει

2245 4687 2383 4765 ἱερέα
2440 4687 2557 4742 τινὰ
2615 4684 2994 4765 παραδώσοντα
3055 4699 3175 4750 τοῖς
3237 4687 3293 4742 ἐν
3363 4688 3632 4766 Σαμαρείᾳ
3686 4682 3881 4764 βαρϐά-

2247 4798 2357 4853 ροις
2412 4777 2502 4831 τὸν
2532 4777 2624 4831 τοῦ
2654 4782 2783 4834 Θεοῦ
2838 4776 3019 4851 νόμον.
3072 4777 3129 4833 Οἱ
3185 4775 3239 4832 δὲ
3283 4777 3457 4834 πάντα
3512 4776 3609 4851 μὲν
3651 4776 3715 4830 τὰ
3770 4777 3889 4830 θεῖα

2246 4863 2423 4942 βιϐλία
2478 4866 2574 4921 οὒκ
2630 4862 2890 4939 ἐδέξαντο,
2947 4865 3083 4939 μόνα
3132 4863 3187 4920 δὲ
3216 4865 3282 4920 τὰ
3314 4864 3586 4921 πέντετοῦ
3629 4862 3880 4935 Μωσέως,

2247 4956 2345 5021 τὴν
2402 4954 2638 5027 Γένεσιν,
2700 4954 2797 5020 τὴν
2830 4951 3089 5033 ’¹Εξοδον,
3148 4955 3207 5010 τὸ
3257 4956 3555 5035 Γευϊτικὸν,
3586 4953 3707 5016 τοὺς
3736 4951 3883 5031 Ἀρι..

2245 5046 2407 5119 θμοὺς
2464 5044 2551 5100 καὶ
2608 5045 2669 5099 τὸ
2718 5044 3140 5122 Δευτερονόμιον.
3191 5041 3341 5100 Ἀλλ’
3393 5045 3509 5101 οὐδὲ
3550 5042 3764 5107 τελειως
3789 5048 3883 5109 τῆς

2246 5131 2543 5197 δυσσεϐείας
2607 5130 2910 5199 ἂπέστησαν
2944 5151 2959 5164 ’
3008 5133 3224 5213 χρόνοις
3274 5131 3330 5190 δὲ
3384 5133 3597 5213 ὕστερον
3641 5139 3747 5189 τῶν
3790 5131 3885 5207 μὲν

2246 5221 2475 5279 εἰδώλων
2532 5220 2861 5301 ἀπέστησαν,
2912 5220 3154 5279 ἐσέϐοντο
3204 5219 3258 5278 δὲ
3313 5224 3403 5279 τὸν
3433 5224 3584 5284 Θεόν.
3618 5225 3678 5280 Οἱ
3716 5222 3886 5279 τοίνυν

2249 5310 2492 5369 Ἰουδαῖοι
2537 5309 2596 5367 ἐκ
2640 5316 2737 5378 τῆς
2795 5309 3166 5391 αἰχμαλωσίας
3240 5310 3610 5377 ἐπανελθόντες
3658 5310 3883 5384 ζηλοτύ-

2249 5425 2360 5466 πως
2424 5401 2503 5456 ἁεὶ
2552 5402 2685 5479 πρὸς
2744 5403 2930 5464 αὐτοὺς
2985 5405 3166 5481 εἶχον,
3229 5400 3320 5458 ἅτε
3380 5400 3683 5482 ’Λσσυρίους
3733 5399 3887 5463 ὄντας

2246 5495 2308 5548 τὸ
2364 5490 2536 5568 γένος,
2604 5492 2689 5548 καὶ
2763 5490 2867 5547 ἀπὸ
2919 5497 3042 5578 ,τοῦ
3097 5490 3247 5570 ὅρους
3306 5493 3637 5573 Σαμαρείτας
3700 5489 3886 5555 αὐτοὺς

591 5656 656 5705 93
688 5652 836 5713 Gen.
872 5673 1068 5735 xnvm,
1103 5653 1204 5717 Ἡ.
1289 5652 1352 5702 θι
1376 5651 1490 5712 Isa.
1528 5669 1633 5723 νυ,
1666 5653 1726 5715 9.
1812 5652 1875 5702 93
1910 5649 1980 5714 ιν
2009 5650 2154 5733 Reg.
2191 5669 2329 5729 xvn,
2362 5655 2421 5711 6.
