4116 6318
315 360 467 423 1229

1002 363 1445 426 ENARRATIO
1488 363 1572 425 IN
1616 360 2123 437 EVANGELIUM
2165 360 2508 426 JOANNIS.
2545 395 2615 408 —
2660 350 2826 428 CAP.
2872 366 2977 431 Iv.

3532 366 3690 433 1230

304 498 550 557 ἐκάλουν.
612 494 845 556 Ἐκεῖνοι
904 496 957 554 δὲ
1013 506 1106 555 τοῦ
1150 496 1391 584 Ἀϐραὰμ
1436 499 1523 555 καὶ
1568 495 1758 555 Ἰακὼϐ
1825 498 1947 553 ἐαυ-

2040 502 2171 575 pter
2200 497 2419 558 fontem
2451 516 2627 579 quem
2655 498 2776 561 illic
2808 499 3118 574 habuerat,
3138 503 3414 584 proprius
3445 503 3683 566 illornm

306 590 425 650 seu;
516 588 808 666 ἀπογόνους
893 589 1190 664 ὠνόμαζον.
1280 579 1363 646 ”Ο
1445 610 1503 644 τε
1561 588 1661 665 γὰρ
1712 586 1956 667 Ἀϐραὰμ

310 674 573 741 Χαλδαῖος
630 676 721 751 ἧν,
780 676 807 732 ὅ
862 699 919 733 τε
981 674 1171 734 Ἰακὼϐ
1228 675 1311 732 διὰ
1396 680 1494 744 την
1552 677 1727 733 ἐκεῖσε
1774 676 1955 755 πηγὴν

298 768 493 830 οἰκεῖος
542 766 727 830 αὐτοῖς
801 764 1085 845 ἐλογίζετο.
1174 769 1233 823 Ol
1316 768 1439 844 γοῦν
1498 764 1748 822 Ἰουδαῖοι
1821 765 1954 841 μετά

299 854 510 910 πέιτων
595 862 703 910 τῶν
790 855 1006 911 ἐθνικῶν
1095 856 1182 910 καὶ
1280 856 1462 918 αὖτοὺς
1532 852 1903 910 ἐϐδελύσσοντο
1934 868 1947 882 ⁸

300 942 415 999 ὅθεν
469 945 557 999 καὶ
614 950 690 1017 τῷ
750 945 918 1023 Κυρίῳ
964 942 1437 1022 προσονειδίζοντες
1494 942 1675 1022 ἔλεγον
1702 960 1716 972 ⁸
1784 966 1806 999 ιι
1843 951 1950 999 Σα-

306 1033 560 1112 μαρείτης
620 1032 699 1096 εἴ,
752 1057 778 1087 ι
832 1035 927 1089 Καὶ
972 1034 1124 1097 αὐτὸς
1170 1030 1222 1088 δὲ
1265 1047 1382 1097 τοῖς
1429 1036 1697 1107 μαθηταῖς
1750 1032 1897 1110 ἔλεγε
1933 1048 1946 1061 ⁸

2038 584 2459 665 putabatur.At
2485 586 2675 650 Judaei
2706 608 2841 650 cum
2873 590 3155 667 gentibus
3180 592 3311 654 aliis
3344 592 3520 655 etiam
3541 593 3685 655 istos

2036 672 2720 739 ahominabanturzunde
2749 687 2809 739 et
2838 677 3089 741 Domino
3118 680 3550 761 opprobrantes
3585 682 3681 744 di-

2037 762 2272 843 cebant,
2303 790 2327 819 «
2364 763 2764 828 Samaritanus
2796 786 2859 829 es
2891 768 2976 830 96.
3017 792 3038 824 ι
3080 767 3151 831 Et
3193 768 3318 850 ipse
3377 770 3685 851 discipulis

2037 851 2160 913 suis
2189 852 2447 929 dicebat,
2487 854 2585 916 cIn
2618 855 2910 918 civitatem
2941 856 3449 921 Samaritanorum
3483 860 3695 931 nein—_

2037 942 2328 1003 traveritis
2357 943 2442 1007 97.
2475 968 2496 999 ι)
2532 944 2724 1016 Quare
2780 954 2975 1008 autem
3032 947 3397 1026 evangelista
3445 949 3520 1010 de
3550 949 3680 1012 loco

2033 1030 2212 1092 Jacob
2246 1040 2303 1092 et
2330 1032 2491 1094 fonte
2543 1042 2658 1094 tam
2714 1033 3034 1113 diligenter
3087 1034 3356 1100 disserit?
3416 1038 3678 1100 Primum

253 1120 262 1128 ’
314 1144 341 1175 α
376 1123 464 1186 Εἰς
522 1120 675 1177 πόλιν
735 1123 1079 1201 Σαμαρειτῶν
1139 1122 1216 1196 μὴ
1272 1120 1562 1188 εἰσέλθητε.
1621 1146 1647 1176 ι
1697 1123 1844 1184 Τίνος
1897 1119 1947 1176 δὲ

2034 1119 2301 1200 quidem,
2339 1130 2401 1183 ut
2440 1122 2674 1202 quando
2700 1124 2965 1185 audieris
3012 1123 3308 1187 dicentem
3343 1126 3675 1204 mulierem,

305 1211 481 1266 ἕνεκεν
538 1213 565 1267 ὁ
625 1210 1002 1289 εὒαγγελιστὴς
1052 1213 1169 1289 περὶ
1222 1218 1314 1267 τοῦ
1367 1211 1565 1291 χωρίου
1611 1217 1704 1267 τοῦ
1760 1208 1947 1267 Ἰακὼϐ

2039 1207 2245 1270 «Pater
2276 1219 2475 1275 noster
2501 1211 2681 1274 Jacoh
2712 1212 2876 1274 dedit
2906 1212 3077 1274 nobis
3110 1215 3328 1276 fontem
3362 1217 3691 1291 illum,nne-

304 1305 388 1357 καὶ
446 1307 544 1368 τῆς
605 1302 787 1379 πηγῆς
833 1299 1312 1380 ἀκριϐολογεῖταις
1402 1306 1615 1375 Πρῶτον
1677 1300 1802 1374 μὲν,
1858 1299 1947 1356 ’ἕνα

2034 1296 2291 1358 mireris.
2316 1298 2507 1362 Locus
2532 1302 2691 1362 enim
2726 1302 2826 1363 ille
2850 1312 2973 1363 erat
2989 1301 3131 1362 555
3151 1304 3403 1384 Sycima,
3438 1305 3537 1366 ubi
3574 1305 3678 1369 lilii

301 1394 425 1448 ὃτλν
483 1391 714 1468 ἀκούσῃς
774 1397 870 1459 τῆς
929 1392 1175 1469 γυναικὸς
1221 1390 1504 1469 λεγούσης,
1560 1390 1640 1446 ’ὅτι
1698 1410 1721 1445 α
1758 1388 1947 1446 Ἰακὼϐ

2031 1386 2208 1447 Jacob
2230 1388 2471 1450 Simeon
2494 1399 2554 1452 et
2598 1392 2729 1452 Levi
2761 1410 2995 1469 gravem
3030 1392 3189 1453 illam
3236 1394 3460 1456 caedem
3508 1414 3677 1457 com-

294 1484 321 1535 ὁ
379 1481 553 1558 πατὴρ
611 1483 767 1556 ἡμῶν
817 1479 1007 1537 ἔδωκεν
1063 1483 1198 1555 ἡμῖν
1256 1481 1352 1547 τὴν
1410 1480 1593 1557 πηγὴν
1648 1479 1869 1556 ταύτην,
1907 1502 1932 1534 ιο

2033 1475 2408 1567 miserunt9§,
2442 1497 2512 1540 eo
2547 1480 2703 1559 quod
2735 1498 3001 1541 sororem
3032 1480 3269 1543 illorum
3326 1485 3534 1547 Dinam
3568 1505 3676 1567 0p-

296 1571 373 1644 μὴ
418 1567 675 1645 ξενισθῇς,
742 1560 797 1627 (Ο
856 1570 955 1647 γὰρ
998 1570 1162 1633 τόπος
1206 1568 1411 1633 ἐκεῖνος
1468 1571 1535 1635 ἦν
1592 1569 1657 1624 τὰ
1708 1568 1934 1644 Σύκιιια,

2031 1575 2315 1644 presserat
2359 1565 2727 1647 Sycimorum
2773 1569 3072 1648 princeps.
3130 1572 3382 1649 Insuper
3435 1583 3493 1635 et
3559 1560 3675 1637 hoc

296 1659 413 1715 ἔνθα
472 1662 518 1714 οἱ
573 1660 671 1714 υἱοὶ
730 1656 921 1715 Ἰακὼϐ
974 1659 1193 1734 Σδμεὼν
1249 1659 1337 1716 καὶ
1393 1662 1523 1714 Acut
1576 1658 1666 1713 τὸν
1698 1655 1937 1736 χαλεπὸν

2031 1652 2337 1734 discimus,
2376 1674 2447 1718 ex
2477 1677 2547 1718 eo
2580 1657 2735 1736 quod
2769 1658 3129 1737 evangelista
3155 1648 3325 1721 nobis
3375 1672 3581 1725 narrat
3607 1648 3693 1726 ea

298 1748 503 1805 ἐκεῖνον
554 1748 866 1827 εἰργάσαντο
909 1747 1091 1827 φόνον,
1146 1746 1230 1807 διὰ
1276 1749 1337 1804 τὸ
1368 1748 1465 1815 τὴν
1495 1744 1727 1825 ἀδελφὴν
1770 1746 1940 1803 αὐτῶν

2032 1762 2162 1842 qua)
2193 1744 2266 1805 de
2296 1744 2457 1807 fonte
2479 1755 2538 1809 et
2564 1748 2715 1820 loco,
2749 1747 2906 1827 quod
2936 1748 3109 1842 etiam
3133 1750 3273 1810 olim
3303 1752 3672 1830 rejectifue-

304 1850 495 1895 Δεῖναν
578 1838 855 1914 βιασθῆναι
946 1839 1049 1893 ὑπὸ
1110 1845 1203 1893 τοῦ
1280 1843 1581 1912 Συκιμιτῶν
1660 1833 1944 1915 ἄρχοντος.

2032 1834 2149 1895 rint
2178 1842 2421 1914 propter
2451 1844 2691 1915 peccata
2719 1854 2825 1896 sua
2843 1836 3055 1912 Judaei,
3103 1846 3158 1899 et
3213 1858 3347 1901 cum
3384 1840 3673 1902 offendis-

302 1926 336 1953 "
353 1935 544 1983 Επειτα
574 1923 628 1981 δὲ
659 1926 746 1982 καὶ
778 1928 932 1981 τοῦτο
978 1928 1307 2001 μανθάνομεν
1351 1925 1456 1980 ἀπὸ
1490 1934 1583 1983 τοῦ
1636 1924 1727 1980 τόν
1785 1927 1947 2002 εὒαγο

2031 1930 2162 1983 sent
2192 1926 2405 1994 Deum,
2438 1933 2644 2003 gentes
2701 1924 2937 1986 illorum
2994 1924 3119 1987 loca
3163 1927 3577 2007 possederint:
3617 1940 3677 1992 et

301 2015 549 2094 γελιστὴν
590 2014 903 2094 καταλέγειν
984 2018 1119 2090 ἡμῖν
1176 2017 1241 2071 τὰ
1298 2016 1414 2093 περὶ
1471 2016 1563 2069 τοῦ
1610 2012 1811 2093 χωρίου
1860 2013 1947 2069 καὶ

2031 2030 2159 2097 qua:
2183 2012 2531 2092 patriarchae
2561 2022 2805 2093 propter
2830 2031 2997 2075 suam
3029 2014 3089 2075 in
3119 2018 3307 2077 Deum
3335 2017 3510 2080 ﬁdem
3545 2038 3675 2099 pos-

299 2114 394 2178 τῆς
452 2113 658 2190 πηγῆς,
718 2107 800 2163 ὅτι
856 2109 890 2175 ἡ
968 2115 1074 2164 τῶν
1150 2105 1416 2166 Ἰουδαίων
1472 2104 1716 2173 ἀποϐολὴ
1779 2104 1944 2161 πάλαι

297 2200 506 2278 ἐγένετο
552 2197 635 2254 διά
686 2199 778 2257 τὰς
840 2198 1097 2275 ἁμαρτίας
1144 2200 1315 2254 αὐτῶν
1349 2216 1363 2232 ’
1427 2198 1514 2253 καὶ
1543 2195 1944 2275 προσκρουσάν-

296 2311 401 2344 των
434 2290 605 2345 αὐτῶν
649 2294 726 2362 τῷ
760 2294 899 2366 Θεῷ,
933 2289 979 2343 οἱ
1010 2288 1200 2343 ἐθνικοὶ
1245 2286 1511 2365 κατέσχον
1542 2286 1665 2349 τοὺς
1697 2285 1891 2346 τόπους
1926 2301 1940 2314 ⁸

296 2379 385 2433 καὶ
443 2377 477 2432 ἃ
541 2379 588 2433 οἱ
666 2378 992 2456 πατριάρχαι
1063 2374 1147 2432 διὰ
1208 2377 1307 2443 τὴν
1365 2378 1435 2441 είς
1496 2376 1717 2453 Χριστὸν
1772 2375 1945 2431 πίστιν

296 2468 610 2539 ἐκτήσαντο,
673 2474 834 2523 ταῦτα
880 2467 1025 2524 αὐτοί
1081 2464 1165 2522 διὰ
1222 2465 1318 2532 τὴν
1369 2462 1671 2522 δυσσέϐειαν
1724 2462 1945 2519 ἀπώλε-

296 2577 413 2615 σαν.
483 2547 658 2611 "una
717 2556 861 2612 οὒδὲν
916 2556 1119 2629 καινὸν,
1176 2553 1294 2611 οὐδὲ
1343 2562 1427 2611 νῦν
1462 2556 1504 2610 εἰ
1534 2556 1580 2610 οἱ
1613 2553 1803 2609 ἐθνικοὶ
1833 2551 1947 2608 ἀντὶ

296 2650 403 2701 τῶν
455 2644 718 2702 Ἰουδαίων
803 2646 1134 2724 εἰσήχθησαν
1220 2644 1292 2709 είς
1353 2644 1450 2711 τὴν
1511 2642 1780 2720 βασιλείαν
1838 2648 1943 2699 τῶν

2026 2101 2328 2176 sederant,
2367 2121 2435 2164 ea
2463 2101 2548 2163 illi
2598 2111 2841 2185 propter
2895 2103 3262 2185 impietatem
3292 2107 3616 2170 amiserunt
3656 2130 3669 2172 :

2030 2196 2090 2251 et
2120 2190 2199 2251 ita
2232 2190 2380 2252 nihil
2414 2205 2631 2252 novum
2657 2193 2704 2251 si
2734 2200 2793 2253 et
2833 2211 2990 2253 nunc
3018 2194 3267 2271 gentiles
3309 2213 3414 2275 pro
3450 2197 3673 2259 Iudaeis

2029 2280 2091 2340 in
2120 2297 2368 2357 regnum
2394 2280 2678 2341 caelorum
2714 2282 2829 2341 sint
2859 2281 3202 2346 introducti.
3238 2284 3533 2347 Praadium
3564 2305 3669 2347 au-

2031 2377 2147 2430 tem
2182 2368 2339 2450 quod
2378 2369 2541 2431 dedit
2567 2369 2747 2431 Jacob
2773 2369 3019 2449 Joseph,
3056 2373 3285 2451 Sycima
3340 2373 3667 2441 dicebatur.

2029 2459 2313 2533 Quoniam
2342 2460 2498 2520 enim
2552 2458 2657 2520 filii
2708 2458 2890 2521 Jacob
2923 2460 3235 2540 Sycimitas
3266 2462 3665 2543 perdiderant,

2028 2557 2087 2609 et
2114 2548 2407 2611 civitatem
2448 2547 2891 2611 desolaverant:
2928 2567 3056 2610 eam
3110 2559 3315 2631 utpote
3345 2552 3667 2618 desolatam

2028 2645 2193 2718 pater
2221 2638 2281 2699 in
2305 2636 2711 2700 hzereditatem
2745 2637 2865 2698 filio
2892 2636 3112 2718 Joseph
3138 2640 3303 2702 dedit

303 2736 557 2814 οὖρανῶν.
596 2735 666 2791 Τὸ
697 2733 751 2790 δὲ
782 2735 981 2814 χωρίον
1039 2735 1066 2790 ὃ
1122 2731 1315 2790 ἔδωκεν
1375 2730 1566 2790 Ἰακὼϐ
1594 2738 1671 2805 τῷ
1722 2729 1940 2811 Ἰωσὴφ,
1995 2732 2209 2804 Σύκιμα
2267 2727 2500 2807 ἔλεγετο.
2566 2728 2713 2785 Ἐπεὶ
2760 2730 2859 2807 γὰρ
2915 2729 2961 2785 οἱ
2994 2728 3183 2793 παῖδες
3215 2733 3302 2787 τοῦ
3333 2731 3525 2789 Ἰακὼϐ
3550 2737 3669 2798 τοὺς

300 2823 591 2898 Συκιμίτας
622 2821 1000 2903 ἀπολέσαντες,
1035 2823 1132 2891 τὴν
1163 2822 1319 2879 πόλιν
1374 2821 1736 2897 ἐξερήμωσαν,
1770 2821 1969 2887 ταύτην
2012 2818 2077 2886 δὴ
2102 2821 2199 2885 τὴν
2229 2817 2653 2895 ἐξερημωθεισαν
2683 2815 2904 2873 δέδωκεν
2934 2819 3006 2880 εἷς
3037 2817 3237 2893 κλῆρον
3266 2826 3343 2893 τῷ
3387 2818 3583 2902 Ἰωσὴφ
3641 2827 3669 2879 ὁ

294 2916 469 2991 πατήρ
480 2961 494 2975 .

389 3026 412 3059 ιι
468 2995 523 3061 Ὀ
570 3011 657 3059 οὖν
708 3006 915 3070 ἰησοῦς
974 3003 1309 3066 κεκοπιακὼς
1359 2999 1419 3055 ἐκ
1471 3004 1569 3067 τῆς
1628 2999 1943 3077 ὁδοιπορίας,

2118 2997 2299 3057 Vens.
2328 2992 2686 3057 6-8.«Jesus
2717 3011 2858 3072 ergo
2887 2993 3159 3073 fatigatus
3189 3013 3256 3057 ex
3290 2996 3527 3075 itinere,
3561 3019 3661 3063 se-

292 3092 562 3162 ἐκαθέζετο
595 3093 757 3155 οὕτως
803 3092 888 3147 ἐπὶ
936 3098 1003 3165 τῇ
1047 3097 1223 3167 πηγῇ.
1274 3080 1423 3167 ’Ὦρα
1475 3094 1541 3157 ἦν
1598 3089 1721 3144 ὡσεὶ
1776 3087 1929 3154 ἕκτη,

2031 3083 2197 3147 lebat
2225 3084 2311 3144 sic
2337 3101 2518 3162 super
2573 3083 2814 3144 fontem.
2872 3081 3030 3145 Hora
3081 3094 3207 3147 erat
3254 3084 3443 3149 ferme
3471 3099 3660 3172 sexta;

292 3179 563 3260 ’Ἔρχεται
622 3180 753 3258 γυνὴ
810 3180 865 3235 ἐν
919 3184 1018 3245 τῆς
1078 3179 1376 3254 Σαμαρείας
1448 3176 1707 3244 ἀντλῆσαι
1772 3174 1933 3254 ὕδωρ.

2031 3174 2177 3235 venit
2207 3172 2421 3233 mulier
2439 3172 2825 3247 Samaritana,
2853 3181 2917 3233 ut
2946 3172 3213 3234 hauriret
3234 3192 3469 3253 aquam,
3507 3179 3659 3242 Dicit

291 3270 444 3348 Λέγει
504 3274 637 3347 αὖτῇ
697 3272 723 3326 ὁ
784 3268 991 3335 Ἰησοῦς
1020 3284 1033 3298 ⁸
1087 3269 1189 3332 Δός
1234 3290 1323 3344 μοι
1374 3280 1541 3327 πιεῖν.
1577 3268 1635 3325 Οἷ
1678 3268 1776 3346 γὰρ
1821 3288 1930 3342 μα-

2031 3263 2072 3324 ai
2098 3261 2384 3323 Jesus:Da
2416 3260 2560 3321 mihi
2593 3260 2750 3340 quod
2781 3260 3003 3324 bibam.
3030 3262 3181 3324 Nam
3215 3262 3492 3345 discipuli
3522 3268 3658 3347 ejus

294 3362 446 3425 θηταὶ
504 3363 660 3417 αὖτοῦ
708 3357 1129 3425 ἀπεληλύθεισαν
1173 3359 1246 3423 εἷς
1288 3358 1386 3424 τὴν
1442 3356 1621 3432 πόλιν,
1660 3356 1753 3412 ’ίνα
1802 3378 1932 3435 τρο-

2031 3351 2283 3412 ihierant
2312 3351 2372 3411 in
2403 3349 2697 3411 civitatem
2728 3358 2790 3411 ut
2810 3350 2973 3411 cibos
3008 3362 3301 3415 emerent.
3336 3377 3357 3409 ι
3421 3354 3660 3435 Fatiga-

297 3450 396 3528 φὰς
455 3448 809 3527 ἀγοράσωσιν.
888 3472 914 3502 ι)
1003 3447 1388 3507 Κεκοπιακέναι
1460 3451 1551 3502 τὸν
1630 3448 1821 3524 Κύριον
1878 3446 1939 3502 ἐκ

2031 3449 2142 3503 tum
2216 3441 2528 3503 Dominum
2592 3458 2661 3501 ex
2708 3438 2922 3501 itinere
2982 3458 3229 3502 narrans
3276 3446 3669 3527 evangelista,

300 3537 396 3605 τῆς
455 3535 750 3616 ὁδοιπορίας
826 3538 1038 3617 φάσκων
1125 3541 1152 3594 ὁ
1224 3535 1629 3617 εὖαγγελιστὴς,
1688 3533 1941 3599 δείκνυσιν

2031 3529 2284 3593 ostendit
2312 3528 2482 3591 nobis
2516 3528 2827 3590 Dominum
2881 3548 2913 3589 a
2968 3529 3121 3592 fastu
3152 3538 3209 3592 et
3237 3548 3437 3593 rerum
3469 3533 3664 3595 abun-

302 3629 437 3701 ἡμῖν
481 3625 591 3701 ἅμα
637 3626 731 3700 μὲν
786 3628 846 3682 τὸ
902 3625 1093 3707 ἄτυφον
1152 3630 1311 3685 αὒτοῦ
1358 3627 1444 3683 καὶ
1488 3624 1765 3702 ἀπέριττον
1813 3624 1947 3697 (οὐδὲ

300 3717 400 3794 γὰρ
459 3716 756 3794 ὑποζυγίοις
815 3717 1011 3795 ἐχρᾶτο
1085 3717 1215 3793 πρὸς
1287 3717 1382 3784 τὴν
1433 3714 1753 3794 ὁδοιπορίαν,
1812 3714 1948 3771 ἀλλά

236 3800 239 3803 ὁ
302 3806 460 3875 πεζὸς
518 3802 700 3879 ὥδευε,
787 3802 1046 3861 παιδεύων
1138 3805 1222 3861 καὶ
1280 3804 1424 3881 ἡμᾶς
1489 3805 1551 3860 τὸ
1611 3805 1688 3880 μὴ
1732 3802 1945 3860 πολλῶν

298 3891 558 3973 δεῖσθαι),
618 3893 730 3969 ἅμα
774 3891 826 3949 δὲ
876 3894 961 3950 καὶ
1004 3894 1066 3950 τὸ
1102 3892 1365 3957 συντόνως
1413 3895 1568 3952 αὐτὸν
1612 3891 1807 3949 ὁδεύειν
1859 3894 1945 3949 καὶ

297 3983 373 4057 μὴ
416 3983 679 4059 ῥᾳθύμως.
716 3981 805 4047 Ἐξ
848 3985 908 4038 0-5
942 3984 1275 4057 μανθάνομεν
1334 3984 1421 4038 καὶ
1476 3983 1639 4058 ἢμεῖς
1698 3984 1758 4038 τὸ
1810 3983 1944 4057 μετά

295 4071 563 4136 συντονίας
622 4074 707 4127 καὶ
792 4070 1097 4147 ἐπιμελείας
1183 4072 1429 4149 πράττειν
1505 4073 1565 4127 τὸ
1650 4071 1799 4150 ἔργον
1855 4074 1948 4128 τοῦ

297 4167 447 4220 Θεοῦ.
514 4162 583 4218 Τὸ
636 4158 714 4236 δὲ,
778 4191 800 4221 ι
836 4159 1146 4232 Ἐκαθέζετο
1204 4159 1363 4241 οὕτω,
1399 4184 1426 4216 ι
1474 4161 1723 4237 σημαίνοι
1781 4158 1841 4217 ἂν
1885 4162 1946 4216 τὸ

2030 3619 2230 3682 dantia
2261 3618 2523 3681 alienum
2558 3618 2904 3683 fuisse.Non
2938 3619 3094 3680 enim
3131 3621 3423 3699 jumentis
3454 3622 3665 3686 uteba-

2030 3716 2125 3771 tur
2153 3709 2223 3770 ad
2257 3708 2504 3787 iter,sed
2538 3706 3191 3788 pedcsibat,instruens
3219 3709 3395 3770 etiam
3421 3730 3528 3773 nos
3550 3732 3668 3775 non

2030 3797 2228 3859 multis
2260 3816 2405 3878 opus
2439 3797 2935 3877 habereJnsuper
2959 3797 3380 3878 dicitetipsum
3404 3801 3671 3865 incidere

2028 3898 2359 3965 strenue,et
2390 3908 2505 3950 non
2542 3890 2849 3966 ignaviter.
2884 3889 2966 3950 Ex
2999 3906 3115 3970 quo
3145 3890 3432 3953 discimus
3479 3901 3539 3955 et
3563 3913 3671 3957 nos

2012 3990 2092 4043 ut
2124 3999 2256 4041 cum
2283 3979 2612 4041 constantia
2644 3988 2701 4041 et
2727 3978 3029 4057 diligentia
3060 3978 3345 4042 faciamus
3365 3999 3512 4061 opus
3542 3980 3670 4043 Dei.

2026 4068 2195 4141 Quod
2224 4077 2418 4129 autem
2451 4067 2694 4129 sedebat
2725 4068 2833 4142 sic,
2868 4066 3162 4144 significat
3210 4069 3580 4147 simpliciter,
3615 4082 3675 4135 et

2027 4166 2093 4218 ut
2119 4158 2267 4219 forte
2294 4155 2737 4229 obveniebat,et
2766 4174 2885 4216 non
2916 4173 3101 4235 super
3120 4156 3284 4229 sede,
3312 4157 3413 4217 sed
3449 4158 3676 4240 simpli-

295 4251 477 4313 ἁπλῶς
523 4252 609 4307 καὶ
653 4252 725 4315 ὡς
769 4250 950 4330 ἔτυχε,
1011 4252 1099 4307 καὶ
1156 4248 1236 4307 ὅτι
1282 4250 1376 4306 οὒκ
1428 4250 1515 4307 ἐπὶ
1570 4250 1777 4324 θρόνου,
1824 4248 1942 4306 ἀλλ’

2031 4248 2175 4309 citer
2212 4245 2484 4307 videlicet
2506 4263 2687 4323 super
2711 4243 3415 4325 pavimento,refocillans
3432 4263 3674 4328 corpus,

297 4338 487 4416 οὕτως,
540 4339 749 4417 ἀφελῶς
808 4321 1081 4420 δηλονότι,
1139 4342 1227 4396 ἐπὶ
1284 4336 1499 4419 ἐδάφους
1544 4321 1826 4397 ἀναπαύων
1885 4342 1946 4395 τὸ

2032 4343 2090 4398 et
2113 4335 2266 4415 apud
2291 4334 2511 4395 fontem
2543 4321 2606 4393 se
2637 4321 2939 4394 recreans.
2978 4321 3209 4394 Deinde
3241 4340 3301 4395 et
3329 4332 3503 4394 aliam
3528 4321 3673 4397 cau;

306 4436 485 4505 σῶμα,
519 4430 607 4485 καὶ
636 4430 779 4509 παρά
827 4430 895 4497 τῆ
933 4434 1087 4505 πηγῇ
1140 4428 1431 4508 ἀναψύχων
1476 4428 1626 4485 αὐτό.
1674 4432 1810 4485 Εἶτα
1862 4430 1947 4485 καὶ

2032 4442 2156 4487 sam
2187 4424 2412 4485 inducit
2445 4440 2631 4502 quare
2659 4422 2884 4483 sederit
2913 4421 3067 4502 apud
3098 4420 3493 4484 fontem.Erat
3516 4425 3675 4485 enim

303 4520 484 4598 ἑτέραν
544 4520 712 4575 αἰτίαν
787 4519 985 4597 εἰσοίγει
1044 4524 1137 4574 τοῦ
1193 4520 1450 4583 καθῆσθαι
1508 4519 1664 4577 αὐτὸν
1701 4518 1843 4597 παρά
1887 4524 1953 4594 τῇ

305 4613 479 4686 πηγῇ,
527 4610 588 4664 τὸ
651 4611 791 4663 εἶναι
823 4608 1073 4681 σταθερὰν
1129 4604 1482 4685 μεσημϐρίαν,
1543 4627 1566 4663 ιι
1610 4598 1767 4685 ’¹Ωρα
1824 4608 1947 4687 γὰρ,

301 4700 482 4777 φησὶν,
538 4697 605 4764 ἦν
651 4698 776 4753 ὡσεὶ
836 4698 986 4763 ἕκτη.
1030 4719 1052 4753 ι
1108 4687 1283 4751 ’Ὥστε
1333 4696 1420 4752 καὶ
1449 4692 1532 4751 διὰ
1568 4697 1629 4751 τὸ
1658 4696 1756 4763 τῆς
1810 4696 1949 4775 ὥρας

298 4786 579 4842 θαλπεινὸν
610 4783 783 4842 ἐδεῖτο
834 4785 1176 4850 ἀναπαύσεώς
1211 4806 1267 4840 τε
1328 4785 1414 4840 καὶ
1464 4783 1792 4861 ἀναψύξεως.
1851 4787 1948 4841 Καὶ

299 4872 475 4939 ἀλλως
520 4872 573 4930 δέ
606 4890 620 4905 ⁸
681 4874 772 4931 ἵνα
831 4876 907 4950 μή
964 4898 1044 4937 τις
1104 4875 1405 4941 αἰτιάσηται
1453 4877 1543 4931 τὸν
1593 4876 1804 4954 Κύριον,
1836 4880 1948 4939 πῶς

300 4977 419 5028 τοῖς
483 4968 751 5040 μαθηταῖς
795 4966 952 5021 αὑτοὺ
1010 4962 1422 5043 ἐγκελευόμενος
1492 4966 1565 5027 εἰς
1614 4962 1731 5020 ὁδὸν
1784 4967 1945 5021 ἐθνῶν

300 5055 378 5129 μὴ
435 5053 710 5128 ἀπελθεῖν,
801 5054 957 5118 αὐτὸς
1041 5055 1115 5118 εἰς
1192 5054 1523 5133 Σαμαρείτας
1572 5054 1810 5133 ἔρχεται,
1862 5050 1946 5109 διὰ

295 5144 455 5200 τοῦτό
500 5166 687 5224 φησιν,
745 5140 824 5199 ὅτι
880 5145 915 5212 ἡ
970 5143 1055 5200 ἐπὶ
1108 5150 1200 5200 τοῦ
1253 5146 1417 5200 τόπου
1461 5141 1680 5222 καθέδρα
1738 5143 1822 5199 διὰ
1862 5146 1951 5199 τὸν

303 5235 468 5291 κόπον
525 5235 733 5313 γέγονε,
778 5234 866 5291 καὶ
909 5232 990 5289 ὅτι
1032 5235 1067 5301 ἡ
1127 5234 1260 5312 πρὸς
1317 5233 1416 5299 τὴν
1467 5233 1700 5310 γυναῖκα
1731 5231 1952 5299 διάλεξις

306 5322 517 5402 εὔλογον
575 5326 730 5403 εἶχεν
789 5323 1055 5403 ἀφορμὴν,
1112 5324 1171 5378 τὸ
1230 5319 1405 5397 δίψος.
1468 5323 1616 5379 Ἐπεὶ
1669 5323 1767 5401 γὰρ
1802 5320 1951 5397 ἐδίψα

305 5410 602 5476 ἀκολούθως
646 5412 781 5468 κατὰ
837 5412 898 5467 τὸ
979 5410 1325 5491 ἀνθρώπινον,
1406 5408 1577 5468 ἐδεῖτο
1626 5412 1717 5467 καὶ
1762 5414 1943 5471 ποτοῦ.

302 5507 551 5569 Ζητοῦντι
597 5500 651 5558 δὶ
695 5499 879 5579 ὁμιλεῖ
919 5500 981 5557 τὸ
1030 5501 1243 5580 γύναιον
1302 5499 1513 5577 ὁμιλίαν
1556 5502 1742 5580 ψυχῆς
1792 5498 1949 5581 φιλο-

375 5658 440 5710 96
465 5662 635 5722 Joan.
671 5676 795 5741 VIII,
828 5662 889 5725 6.

2034 4523 2269 4594 tempus
2300 4512 2716 4574 meridianum:
2733 4510 2921 4573 uHora
2953 4510 3488 4592 enim,inquit,erat
3509 4514 3681 4595 quasi

2033 4614 2241 4667 sexta:
2283 4628 2305 4661 ο
2342 4611 2517 4683 atque
2567 4601 2741 4663 etiam
2773 4611 3015 4682 propter
3045 4602 3207 4662 horae
3238 4601 3494 4664 calorem
3531 4622 3679 4683 opus

2034 4691 2288 4755 habebat
2317 4691 2613 4769 rifrigerio
2636 4699 2692 4753 et
2721 4690 3117 4752 recreatione.
3158 4691 3259 4753 Vel
3290 4691 3466 4755 aliter
3509 4692 3674 4768 dicit,

2032 4792 2095 4845 ut
2125 4802 2198 4844 ne
2228 4780 2359 4862 quis
2377 4780 2837 4860 reprehenderit
2862 4779 3679 4861 Dominum,quomodo,cum

2033 4872 2399 4952 praecipisset
2425 4870 2731 4950 discipulis
2763 4878 2825 4931 ut
2851 4889 2924 4931 ne
2938 4871 3089 4931 viam
3114 4876 3378 4947 gentium
3402 4870 3678 4948 ingrede-

2029 4963 2398 5040 rentur,ipse
2428 4960 2501 5020 ad
2534 4960 2944 5021 Samaritanos
2975 4962 3205 5023 venerit
3240 4978 3254 5023 :
3291 4960 3510 5022 idcirco
3540 4960 3685 5021 dicit

2030 5050 2184 5131 quod
2218 5049 2432 5110 sedens
2463 5049 2523 5111 in
2555 5047 2685 5109 loco
2721 5058 2963 5129 propter
2983 5048 3389 5127 fatigationem
3417 5048 3685 5123 fuerit,et

2034 5140 2189 5220 quod
2216 5138 2575 5217 colloquium
2598 5156 2731 5199 cum
2758 5138 3008 5199 muliere
3026 5137 3439 5200 rationabilem
3463 5136 3686 5199 habue-

2033 5228 2111 5291 rit
2124 5227 2541 5297 causam,sitim
2558 5225 3095 5299 scilicetQuoniam
3111 5228 3269 5288 enim
3283 5226 3685 5294 sitiebat,con-

2036 5326 2356 5399 sequenter
2379 5317 2636 5377 humano
2663 5333 2827 5377 more
2860 5315 3160 5394 indigebat
3213 5329 3272 5379 et
3305 5324 3464 5397 potu.
3506 5315 3683 5388 Quaa-

2034 5407 2189 5469 renti
2208 5415 2405 5468 autem
2424 5405 2683 5467 occurrit
2713 5406 3155 5468 mulier.anima
3185 5406 3457 5470 discendi
3486 5405 3680 5467 avida.

2034 5497 2183 5570 Quid
2211 5497 2394 5577 igitur
2420 5514 2569 5577 opus
2599 5503 2724 5558 erat
2747 5495 2929 5558 facto?
2948 5497 3350 5579 repelleretne
3371 5496 3682 5561 mulierem

977 5662 1037 5712 97
1070 5661 1275 5724 Matth.
1311 5680 1369 5736 ι,
1404 5664 1458 5723 5.
1551 5662 1615 5712 οδ
1644 5663 1797 5725 Gen.
1824 5676 2029 5739 mw,
2062 5661 2161 5723 Ἦ.
