4116 6318
447 374 590 441 1231

1412 375 2011 443 THEOPHYLACTI
2054 372 2465 443 BULGABLE
2506 382 2864 445 ARCHIEP.

3669 375 3841 452 1233

443 507 592 570 adeo
616 507 967 583 studiosam,
1004 507 1441 589 colloquentem
1471 516 1529 568 et
1571 508 1868 572 sitientem
1911 528 1978 572 ea
2009 511 2069 573 dt

2168 513 2388 587 μαθοῦς.
2450 518 2511 573 Τί
2587 518 2676 574 οὗν
2745 516 2933 576 λοιπὸν
2991 516 3092 576 ἔδει
3170 527 3442 589 ποιῆσαι;
3502 522 3833 578 ἀπώσασθαι

444 600 661 683 quibus
691 599 1016 675 dubitabat,
1051 608 1117 663 ut
1148 598 1409 663 audiret?
1458 600 1649 664 Absit.
1699 600 1828 665 Non
1883 604 2086 667 fuisset

445 691 557 752 hoc
588 690 805 753 divinae
834 690 1287 754 misericordiae.
1311 690 1464 752 Vide
1513 700 1737 773 autem,
1763 712 1890 763 oro.
1927 703 1985 757 et
2014 714 2082 757 ex

445 782 555 842 hoc
588 799 759 861 quam
803 781 1008 861 procul
1056 798 1089 841 a
1140 780 1289 841 fastu
1338 780 1516 842 fuerit
1564 780 1875 845 Dominus.
1912 784 2085 847 Solus

444 869 603 932 enim
629 869 986 951 relinquitur
1016 868 1075 930 in
1106 868 1222 941 via,
1257 888 1392 930 cum
1438 870 1717 951 discipuli
1767 870 2086 935 aliivissent

441 960 502 1020 in
534 957 829 1023 civitatem
852 966 915 1019 ut
935 970 1204 1020 emerent
1227 957 1737 1039 alimenta.Usque
1758 961 1906 1023 adeo
1922 962 2081 1023 enim

442 1048 661 1111 nullam
712 1065 912 1111 curam
967 1051 1195 1109 ventris
1246 1047 1525 1127 agebant,
1560 1058 1622 1109 ut
1652 1068 1768 1130 quo
1816 1058 2084 1132 tempore

442 1138 631 1201 ferme
664 1157 874 1201 omnes
895 1156 927 1198 a
963 1137 1211 1217 prandio
1234 1137 1559 1218 dormiunt,
1594 1138 1679 1199 illi
1719 1138 1883 1201 cibos
1914 1158 2082 1204 eme-

444 1237 666 1303 rent,et
698 1245 881 1308 panes
902 1226 1180 1288 duntaxat
1206 1244 1219 1287 :
1257 1233 1319 1286 ut
1341 1238 1397 1286 et
1426 1246 1534 1289 nos
1565 1228 1863 1290 discamus
1884 1230 2081 1291 varie-

445 1326 619 1379 tatem
654 1316 924 1378 ciborum
969 1315 1129 1395 parvi
1158 1313 1378 1378 facere.
1413 1314 1564 1377 Vide
1592 1315 1867 1398 obsecro,
1902 1326 1959 1379 et
1989 1318 2080 1379 di-

444 1407 744 1487 ligentiam
776 1404 1174 1485 evangelistae.
1204 1404 1345 1464 654
1370 1404 1572 1485 Neque
1604 1406 1763 1467 enim
1814 1406 1961 1468 dixit
1989 1407 2079 1468 af-

441 1491 918 1571 ﬁrmative,Hora
951 1503 1077 1557 erat
1100 1502 1290 1569 sexta,
1324 1493 1429 1556 sed
1461 1503 1523 1555 ut
1557 1496 1749 1556 minus
1771 1514 1803 1556 a
1833 1496 2083 1559 veritate

440 1584 695 1666 excidat,
728 1584 917 1647 ferme
945 1591 1131 1665 sexta,
1157 1583 1370 1664 inquit,
1403 1602 1678 1647 securum
1702 1583 1924 1647 faciens
1947 1604 2081 1647 ser-

438 1692 699 1736 munem.

516 1858 808 1922 νων-1
828 1858 849 1919 1
867 1855 1082 1918 ,ιῡὶοἰι
1109 1855 1197 1917 illi
1227 1854 1444 1917 mulier
1473 1856 1878 1919 Samaritana:
1914 1855 2076 1929 Quo-

434 1946 608 2011 modo
641 1944 972 2023 tu,Judaeus
992 1963 1127 2007 cum
1158 1944 1268 2019 sis,
1295 1952 1497 2026 potum
1529 1963 1562 2006 a
1585 1962 1680 2006 me
1711 1944 1926 2025 poscis,
1951 1963 2080 2027 quae

430 2057 561 2100 sum
594 2036 804 2099 mulier
834 2032 1225 2099 Samaritana?
1252 2032 1382 2095 Non
1433 2033 1591 2095 enim
1653 2034 2077 2097 commercium

431 2127 653 2191 habent
680 2125 864 2188 Judaei
886 2144 1019 2187 cum
1044 2122 1789 2204 Samaritauis.Respondit
1821 2126 2081 2200 Jesus,et

430 2217 577 2279 dixit
600 2216 656 2278 ei
679 2238 693 2277 :
719 2213 781 2279 Si
813 2215 999 2278 scires
1022 2214 1245 2283 donum
1268 2212 1396 2288 Dei,
1431 2222 1489 2274 et
1519 2214 1651 2294 quis
1680 2213 1764 2274 sit
1787 2213 1887 2294 qui
1938 2213 2083 2274 dicit

429 2307 556 2383 tibi,
586 2306 669 2369 Da
702 2306 848 2369 mihi
877 2303 1029 2387 quod
1059 2304 1279 2379 bibam,
1312 2311 1374 2365 tu
1406 2303 1662 2385 petisses
1685 2303 1758 2365 ab
1791 2312 1953 2376 eo,et
1973 2304 2081 2366 de-

426 2398 615 2461 disset
644 2395 750 2458 tibi
782 2413 991 2476 aquam
1021 2394 1403 2457 vivam.Dicit
1427 2394 1481 2455 ei
1516 2395 1771 2455 mulier:
1802 2393 2076 2469 Domine,

428 2508 623 2571 neque
644 2507 760 2570 quo
785 2487 1023 2548 haurias
1053 2485 1328 2558 babes,et
1358 2493 1570 2567 puteus
1602 2485 1934 2566 profundus
1963 2493 2071 2547 est:

427 2582 588 2645 unde
612 2598 753 2660 ergo
784 2577 971 2641 habes
999 2594 1212 2658 aquam
1234 2577 1393 2640 illam
1419 2577 1640 2640 vivam?
1674 2601 1699 2634 ιο
1748 2576 1837 2638 Ab
1869 2578 2076 2640 habitu

424 2682 482 2736 et
514 2679 677 2733 veste
699 2666 971 2741 forsitan,
998 2674 1058 2727 et
1086 2666 1202 2729 alia
1229 2667 1498 2747 corporis
1543 2666 1753 2747 forma,
1778 2673 1838 2728 et
1885 2665 2075 2728 collo-

424 2761 561 2843 quio
589 2760 717 2837 ipso
751 2755 1107 2818 existimavit
1124 2754 1491 2818 Samaritana
1513 2754 1780 2819 Judaeum
1806 2774 1942 2818 esse
1965 2757 2076 2819 Do-

426 2850 680 2921 minum;
715 2846 845 2910 ideo
869 2854 928 2906 et
950 2846 1022 2907 ad
1052 2844 1250 2926 ipsum
1269 2844 1450 2906 dicit:
1488 2868 1511 2902 ι
1550 2844 1856 2917 Quomodo
1890 2852 1951 2906 tu
1976 2847 2075 2906 Ju-

2167 602 2263 669 τὴν
2318 616 2547 681 γυναῖκα
2598 605 2735 663 οὕτω
2812 606 3119 687 φιλομαθῶς
3194 570 3556 687 διακειμένην,
3594 611 3685 666 καὶ
3738 608 3833 666 δι·-

2168 695 2353 766 ψῶσαν
2411 693 2629 751 ἀκοῦσαι
2703 701 2806 754 τῶν
2864 696 2946 779 ἐφ’
3004 699 3095 780 οἷς
3149 700 3391 780 ἠπόρει;
3439 699 3718 780 ’¹Αιραγεὲ
3762 700 3833 756 οὗ

2168 788 2299 837 Θεοῦ
2354 782 2743 863 φιλανθρωπίας
2802 777 2978 847 τοῦτο.
3059 777 3202 869 ’Ὅρα
3265 777 3334 845 ⁷δέ
3390 811 3481 865 μοι
3547 777 3639 845 καὶ
3712 789 3830 844 ἀπὸ

2166 871 2353 928 τούτου
2408 874 2470 929 τὸ
2514 872 2706 954 ἄτυφον
2750 885 2843 934 τοῦ
2902 879 3111 957 Κυρίου.
3152 880 3342 942 ’Μόνος
3394 880 3493 958 γὰρ
3535 877 3827 952 καταλιμ-

2167 960 2387 1017 πάνεται
2441 964 2526 1020 επὶ
2569 969 2666 1031 τῆς
2714 964 2857 1039 ὁδοῦ,
2902 974 3009 1024 τῶν
3068 967 3318 1040 μαθητῶν
3371 966 3709 1025 ἀπελθόντων
3743 968 3826 1030 εἷς

2164 1049 2265 1116 τὴν
2322 1050 2498 1131 πόλιν²
2549 1052 2640 1109 ἵνα
2697 1057 2892 1135 τροφὰς
2933 1057 3257 1135 ἀγοράσωσι,
3312 1064 3566 1114 Τοσοῦτον
3609 1058 3714 1134 γὰρ
3762 1055 3828 1111 ἐν

2166 1135 2390 1215 δευτέρῳ
2447 1143 2512 1199 τά
2553 1148 2652 1210 τῆς
2710 1147 2936 1225 γαστρὸς
2991 1146 3237 1220 ἐτίθεντο,
3284 1145 3421 1203 ὥστε
3470 1145 3521 1201 ἒν
3642 1152 3829 1222 καιρῷ

2167 1228 2361 1292 πάντες
2418 1229 2612 1311 σχεδὸν
2669 1256 2754 1289 και
2811 1236 3139 1292 ὑπνώττουσι
3205 1236 3338 1307 μετά
3385 1238 3446 1291 τὸ
3503 1235 3822 1314 ἀριστῆσαι,

2166 1316 2307 1375 οὗτοι
2364 1321 2557 1400 τροφὰς
2614 1321 2895 1402 ἠγόραζον,
2944 1321 3131 1403 ἄρτους
3193 1322 3396 1393 δηλαδὴ
3453 1325 3670 1402 μόνους,
3721 1323 3823 1378 ἵνα

2165 1409 2251 1463 καὶ
2296 1410 2461 1483 ἡμεῖς
2519 1411 2769 1489 μάθωμεν
2823 1420 2922 1481 τῆς
3004 1413 3266 1479 ποικιλίας
3342 1416 3447 1471 τῶν
3505 1412 3825 1487 ἐδεσμάτων

2165 1495 2470 1577 ὀλιγωρεῖν.
2523 1493 2667 1580 ’Ὅρα
2729 1499 2782 1558 δέ
2839 1526 2929 1577 μοι
2984 1506 3071 1561 καὶ
3101 1504 3199 1572 τὴν
3230 1501 3496 1583 ἀκρίϐειαν
3524 1509 3617 1583 τοῦ
3648 1504 3821 1579 εὒαγι

2161 1583 2428 1672 γελιστοῦ.
2488 1589 2616 1648 Οὐδὲ
2670 1592 2769 1671 γὰρ
2825 1594 2979 1649 εἶπεν
3051 1582 3443 1672 ἀποφαπικῶς,
3520 1582 3672 1670 ’Ὦρα
3742 1591 3822 1658 ἦν

2162 1671 2317 1750 ἕκτη,
2365 1675 2501 1734 ἀλλά
2529 1676 2614 1735 διὰ
2644 1683 2705 1738 τὸ
2735 1681 2812 1756 μὴ
2844 1680 3138 1739 ἀποπεσεῖν
3174 1671 3270 1749 τῆς
3302 1680 3574 1754 ωηθείας,
3612 1702 3641 1734 α
3680 1681 3819 1735 ὡσεὶ

2161 1762 2316 1841 ἕκτη,
2352 1788 2381 1821 »
2417 1765 2542 1847 ἔφη,
2574 1770 2636 1825 τὸ
2660 1768 2892 1849 ἀσφαλὲς
2920 1778 2998 1845 τῷ
3027 1770 3171 1849 λόγῳ
3198 1771 3654 1849 προμηθούμενος.

2246 1875 2275 1909 α
2314 1854 2469 1935 Λέγει
2504 1859 2593 1914 οὖν
2623 1859 2764 1933 αὒτῴ
2821 1860 2856 1927 ἡ
2914 1860 3047 1935 γυνὴ
3078 1860 3112 1927 ἡ
3142 1866 3469 1937 Σαμαρεῖτις
3502 1878 3517 1892 ·
3566 1861 3686 1919 Ηῶς
3744 1860 3819 1913 σὺ

2164 1940 2422 2011 Ἰουδαῖος
2478 1946 2575 2023 ὢν,
2623 1946 2753 2027 παρ’
2783 1948 2912 2024 ἐμοῦ
2961 1961 3105 2005 πιεῖν
3138 1950 3328 2027 αἰτεῖς,
3360 1949 3519 2015 οὔσης
3557 1949 3816 2026 γυναικὸς

2163 2033 2594 2113 Σαμαρείτιδος;
2655 2039 2728 2095 06
2782 2038 2881 2118 γὰρ
2938 2044 3273 2118 συγχρῶνται
3319 2034 3569 2097 Ἰουδαῖοι
3611 2043 3817 2111 Σαμα-

2163 2124 2379 2199 ρείταις.
2440 2122 2725 2205 Ἀπεκρίθη
2808 2123 3037 2202 Ἰησοῦς,
3124 2129 3212 2183 καὶ
3283 2127 3439 2183 εἶπεν
3495 2130 3626 2203 αὐτῇ
3660 2146 3672 2158 ’
3751 2128 3815 2183 Εἰ

2163 2209 2310 2287 ᾔδεις
2338 2214 2435 2282 τὴν
2465 2211 2661 2294 δωρεὰν
2689 2223 2783 2274 τοῦ
2837 2223 2988 2292 Θεοῦ,
3044 2216 3131 2273 καὶ
3158 2216 3235 2280 τίς
3264 2215 3406 2273 ἐστιν
3436 2219 3465 2272 ὁ
3492 2214 3664 2294 λέγων
3692 2236 3806 2289 σοι,

2166 2300 2268 2367 Δός
2330 2326 2421 2378 μοι
2478 2318 2647 2382 πιεῖν,
2697 2307 2758 2362 σὺ
2802 2305 2863 2362 ἂν
2917 2306 3123 2383 ᾔτησας
3176 2307 3359 2382 αὐτὸν,
3388 2306 3476 2363 καὶ
3506 2303 3697 2361 ’ἔδωκεν
3741 2305 3811 2359 ἂν

2164 2413 2245 2447 σοι
2296 2390 2430 2473 ὕδωρ
2487 2395 2614 2465 ζῶν.
2675 2395 2830 2475 Λέγει
2896 2398 3037 2469 αὐτῷ
3104 2396 3142 2463 in
3201 2396 3334 2473 γυνή
3371 2410 3385 2426 ⁸
3451 2395 3625 2475 Κύριε,
3684 2394 3810 2450 οὔτε

2162 2478 2409 2559 ἄντλημα
2468 2482 2640 2564 ἔχεις,
2702 2487 2790 2541 καὶ
2845 2487 2907 2542 τὸ
2949 2485 3109 2565 φρέαρ
3151 2483 3261 2541 ἐστὶ
3300 2486 3452 2562 βαθὺ,
3497 2485 3655 2541 πόθεν
3709 2490 3805 2540 οὖν

2160 2568 2306 2650 ἔχεις
2335 2572 2396 2628 τὸ
2424 2572 2558 2652 ὕδωρ
2599 2575 2661 2631 τὸ
2702 2580 2806 2646 ζῶν
2840 2591 2857 2650 ;
2896 2597 2921 2634 ι
2970 2574 3104 2631 Ἀπὸ
3145 2580 3237 2630 τοῦ
3267 2575 3556 2654 σχήματος
3584 2573 3807 2637 καὶτῆς

2160 2659 2356 2729 στολῆς
2398 2661 2559 2737 ἴσως,
2611 2666 2698 2721 καὶ
2738 2665 2832 2732 τῆς
2886 2662 3055 2731 ἄλλης
3112 2664 3230 2741 περὶ
3300 2664 3359 2721 τὸ
3425 2668 3580 2737 σῶμα
3621 2658 3805 2717 διαθέ-

2160 2771 2315 2831 σεως,
2359 2752 2445 2809 καὶ
2505 2753 2669 2821 αὐτῆς
2725 2756 2824 2822 τῆς
2866 2753 3101 2834 ὁμιλίας,
3133 2753 3376 2829 ἐνόμισεν
3405 2753 3440 2819 ἡ
3471 2758 3803 2829 Σαμαρεῖτις

2160 2835 2417 2898 Ἰουδαῖον
2487 2846 2626 2899 εἶναι
2689 2844 2781 2900 τὸν
2845 2844 3031 2922 Κύριον
3061 2859 3076 2874 ⁸
3145 2840 3226 2899 διὸ
3300 2843 3386 2898 καὶ
3441 2842 3571 2919 πρὸς
3644 2840 3804 2922 αῦτὸν

421 2940 582 3003 dmus
612 2918 746 3000 cum
796 2935 901 3011 sis,
942 2961 964 2994 ι
1004 2918 1120 2997 etc.
1154 2933 1305 2997 Vide
1354 2943 1552 2997 autem
1599 2934 1898 3016 quomodo
1950 2935 2069 2996 cir-

2157 2926 2299 3016 λέγει
2334 2949 2347 2964 ⁸
2403 2954 2432 2987 α
2487 2935 2604 2999 Πῶς
2653 2934 2714 2989 σὺ
2756 2918 3013 2997 Ἰουδαῖος
3044 2932 3143 2991 ὢν.
3172 2952 3201 2990 ι
3250 2931 3338 2988 καὶ
3380 2931 3448 2987 τὰ
3472 2918 3620 2996 ἑξῆς,
3651 2918 3802 3007 υΟρα

416 3037 759 3110 cumspecta
790 3025 969 3087 fuerit
994 3024 1383 3088 mulier.Nam
1412 3023 1463 3085 si
1494 3015 1705 3086 cavere
1736 3023 2069 3103 oportebat,

2156 3015 2239 3110 δὲΔ
2457 3019 2837 3099 διεσκέμμενον
2889 3022 2954 3091 ἧν
3009 3024 3071 3079 τὸ
3136 3022 3389 3110 γύναιον,
3430 3021 3488 3076 Εἰ
3537 3020 3637 3097 γὰρ
3693 3016 3798 3110 ἔδει

416 3106 733 3182 Dominum
775 3113 1112 3196 oportebat,
1173 3133 1289 3176 non
1351 3114 1539 3177 illam.
1575 3111 1706 3174 Non
1737 3113 1895 3174 enim
1928 3112 2069 3177 dixit

2158 3106 2500 3191 φυλάξασθαι,
2559 3113 2651 3168 τὸν
2705 3113 2893 3193 Κύριον
2962 3110 3087 3187 ἔδει,
3151 3114 3245 3170 οὐκ
3284 3109 3512 3176 ἐκείνην.
3569 3110 3644 3165 οὗ
3696 3108 3799 3185 γὰρ

415 3208 571 3290 quod
604 3204 960 3269 Samaritani
984 3202 1484 3266 consuetudinem
1519 3222 1637 3263 non
1682 3201 1906 3266 habent
1937 3222 2069 3264 cum

2156 3203 2359 3290 εἶπεν,
2406 3200 2487 3290 δ’τι
2544 3200 2813 3267 Ἰουδαίοις
2895 3206 2956 3261 οὗ
3023 3208 3361 3283 συγχρῶνται
3437 3206 3797 3290 ξαμαρεῖται,

412 3276 655 3377 Iudaeis,
680 3292 1002 3372 sed,.ludazi
1027 3312 1143 3354 non
1169 3292 1390 3355 habent
1412 3291 1906 3354 consuetudinem
1933 3310 2069 3353 cum

2155 3287 2299 3365 ἀλλ’,
2346 3288 2594 3349 Ἰουδαῖοι
2625 3293 2956 3373 Σαμαρείτας
2996 3293 3056 3350 οὗ
3094 3276 3422 3372 προσίενται.
3471 3276 3616 3345 Ἀλλ’

414 3384 825 3467 Sgamaritanis.
856 3385 1135 3446 Attamen
1171 3400 1364 3463 neque
1399 3381 1485 3443 sic
1516 3389 1687 3462 tacet,
1726 3381 1831 3443 sed
1861 3381 2069 3444 existi-

2155 3379 2186 3446 ἡ
2219 3380 2351 3457 γυνὴ
2395 3378 2511 3438 οῦδὲ
2568 3380 2734 3446 οὕτως
2777 3388 2929 3461 σιγᾷ,
2985 3379 3102 3438 ἀλλ’
3155 3381 3398 3447 οἰηθεῖσα
3453 3379 3544 3434 τὸν
3574 3466 3579 3467 7
3610 3376 3793 3467 Κύριον

413 3464 581 3548 ulans
611 3472 929 3536 Dominum
963 3490 1089 3533 rem
1116 3470 1383 3532 illicitam
1421 3470 2069 3552 facere,corrigitquod

2155 3474 2373 3546 πρᾶγμα
2429 3471 2747 3552 παράνομον,
2795 3483 2996 3546 ποιεῖν,
3063 3467 3354 3547 διορθοῦται
3408 3470 3469 3525 τὸ
3524 3466 3602 3542 μὴ
3657 3464 3792 3521 κατὰ

410 3554 631 3645 praeter
668 3563 859 3642 legem
887 3560 1374 3624 ﬁebat.Christus
1395 3566 1591 3621 autem
1623 3578 1743 3621 non
1767 3560 1934 3638 prius
1950 3579 2070 3622 ma-

410 3653 655 3715 nifestat
726 3669 997 3733 se,quam
1072 3650 1257 3711 virtus
1338 3647 1609 3710 mulieris
1680 3654 2062 3713 monstretur.

407 3745 725 3823 Postquam
747 3739 1218 3802 autemindicata
1235 3737 1604 3799 estmulieris
1627 3738 2062 3819 virtus,etquod

411 3841 528 3892 tam
586 3830 1017 3908 circumspecta
1046 3834 1103 3889 et
1138 3826 1393 3905 diligens
1424 3834 1611 3902 esset,
1649 3834 1788 3888 tunc
1820 3828 2062 3888 tandem

407 3917 617 3999 incipit
658 3916 818 3997 loqui
875 3934 1008 3977 cum
1055 3934 1123 3977 ea
1170 3915 1244 3976 de
1274 3914 1632 3977 sublimibus
1668 3932 1680 3976 :
1722 3939 1747 3971 α
1782 3915 1843 3977 Si
1878 3916 2065 3978 scires

407 4008 593 4087 enim,
631 4006 1099 4089 inquit,domum
1134 4003 1426 4079 Dei,»hoc
1456 4013 1566 4079 est,
1598 4004 1646 4066 si
1679 4012 2066 4085 cognosceret

406 4096 548 4177 quid
578 4096 760 4158 donet
793 4098 971 4170 Deus,
1007 4112 1222 4175 nempe
1274 4102 1495 4155 aeterna
1524 4106 1585 4154 et
1632 4093 2062 4174 incorruptibi-

406 4188 484 4250 lia
512 4207 526 4252 :
560 4188 747 4249 scires
771 4195 971 4250 autem
1028 4193 1084 4246 et
1124 4202 1243 4265 me,
1277 4185 1433 4265 quod
1477 4203 1610 4245 cum
1642 4183 1799 4247 Deus
1829 4187 1965 4261 sim,
1995 4197 2059 4250 ut

407 4277 627 4360 possim
691 4277 818 4339 haec
868 4275 975 4337 tibi
1031 4275 1176 4338 dare
1208 4294 1221 4337 :
1256 4283 1316 4334 tu
1340 4272 1715 4354 quaesivisses
1761 4273 1967 4355 utique
1997 4282 2057 4338 et

294 4390 297 4393 ·
404 4367 741 4448 accepisses
767 4383 978 4447 aquam
1011 4363 1223 4425 vivam.
1252 4363 1514 4426 Gratiam
1541 4371 1743 4426 autem
1796 4364 2058 4445 Spiritus

403 4427 839 4537 sancliaquani
867 4453 1011 4515 dicit
1037 4471 1192 4532 esse,
1231 4456 1545 4532 propterea
1591 4452 1747 4532 quod
1782 4427 2122 4533 pu'rificatD

404 4553 458 4606 et
493 4545 741 4606 multum
773 4540 1065 4623 refrigerii
1098 4540 1322 4621 praebet
1352 4539 1842 4620 suscipientibus.
1879 4539 2059 4604 Porro

401 4652 611 4715 aquam
662 4632 804 4694 dicit
835 4649 953 4692 non
986 4638 1265 4701 stantem,
1317 4627 1510 4708 qualis
1544 4637 1636 4691 est
1685 4629 1743 4689 in
1779 4629 1972 4709 puteis
2005 4640 2062 4692 et

404 4721 671 4803 lacubus,
719 4720 907 4802 putris
954 4728 1014 4781 et
1059 4725 1359 4797 corrupta,
1418 4717 1522 4780 sed
1584 4718 1804 4793 vivam,
1834 4720 1944 4781 hoc
1974 4728 2063 4782 est

402 4812 921 4883 scaturientem,et
947 4826 1078 4888 qua;
1095 4804 1570 4868 moveatur.Nam
1595 4807 1781 4886 gratia
1802 4806 2059 4888 Spiritus

402 4919 642 4983 semper
670 4900 882 4979 agilem
897 4898 968 4960 ad
989 4896 1209 4959 bonum
1231 4895 1658 4971 facitanimam,
1677 4899 2058 4959 ascensiones

404 5008 650 5072 semper
675 4989 1116 5070 disponentem.
1149 4984 1352 5046 Talem
1407 5003 1615 5065 aquam
1660 4983 1811 5046 bibit
1837 4986 2057 5049 Paulus

399 5081 695 5142 viventem
728 5092 788 5141 et.
822 5093 1061 5157 semper
1091 5072 1400 5147 mobilem,
1437 5092 1571 5134 cum
1604 5072 2057 5138 oblivisceretur

400 5191 608 5234 eorum
641 5189 771 5252 qua:
802 5177 931 5251 post
954 5176 1108 5248 se,et
1126 5168 1198 5229 ad
1235 5166 1534 5229 anteriora
1582 5184 1647 5227 se
1679 5166 2050 5229 extenderet.

406 5283 433 5321 ι
473 5262 621 5325 Dicit
639 5259 934 5323 etmulier
964 5280 977 5321 :
1015 5253 1512 5319 Domine.»Vides
1534 5256 1833 5335 quomodo
1856 5256 2051 5318 statim

398 5350 473 5413 ab
504 5350 713 5413 humili
741 5349 996 5428 cogitatu
1029 5347 1347 5409 desistens.
1376 5362 1654 5423 magnum
1685 5344 1740 5405 ei
1764 5345 2051 5407 honorem

396 5436 1034 5511 attribuat,Dominum
1057 5431 1351 5496 vocando?
1379 5429 1588 5511 Neque
1610 5438 1811 5492 tamen
1840 5431 1898 5492 in
1920 5450 2052 5512 pro-

394 5528 648 5590 fundum
674 5525 991 5589 verborum
1028 5520 1247 5587 Christi
1273 5519 1690 5582 venerat.Nam
1720 5521 1891 5582 aliter
1923 5521 2048 5601 qui-

398 5615 535 5677 dem
566 5615 668 5677 ille
702 5614 871 5691 dicit,
905 5612 1079 5675 aliter
1097 5619 1296 5674 autem
1336 5608 1433 5670 illa
1479 5608 1751 5688 intelligit
1773 5609 1952 5672 verba
1975 5611 2051 5672 de

394 5721 567 5786 aqua.

2152 3559 2313 3633 νόμον
2367 3559 2669 3638 γινόμενον,
2736 3551 2795 3618 Ὀ
2839 3558 2892 3616 δὲ
2951 3559 3177 3641 Χριστὸς
3220 3562 3279 3618 οὗ
3335 3557 3585 3636 πρότερον
3642 3553 3796 3610 lxxx.

2147 3645 2332 3705 λύπτει
2396 3649 2604 3725 ἑαυτὸν,
2664 3650 2784 3730 πρὶν
2838 3652 2873 3718 ἡ
2922 3649 3085 3730 ἀρετὴ
3130 3652 3226 3718 τῆς
3253 3649 3499 3728 γυναικὸς
3529 3643 3789 3725 δειχθείη.

2149 3732 2296 3793 Ἐπεὶ
2347 3737 2447 3818 γὰρ
2498 3737 2709 3820 ἱδείχθη
2766 3741 2859 3796 τοῦ
2912 3739 3123 3819 γυναίου
3184 3736 3215 3804 ἦ
3287 3739 3473 3816 ἀρετὴ,
3543 3735 3631 3795 καὶ
3708 3733 3789 3789 ὄτι

2151 3824 2317 3889 οὕτως
2373 3824 2728 3905 διεσκεμμένη
2776 3831 2866 3885 καὶ
2917 3824 3138 3907 ἀκριϐής
3197 3825 3330 3903 ἰστι,
3394 3825 3515 3883 τότε
3564 3821 3789 3902 ἄρχεται

2147 3912 2333 3971 λοιπὸν
2377 3920 2511 3993 αὐτῇ
2553 3915 2763 3993 ὁμιλεῖν
2807 3919 2872 3975 τὰ
2912 3915 3239 3994 ὑψηλότερα.
3298 3938 3322 3972 ε
3382 3915 3441 3972 Ei
3469 3910 3612 3989 ᾔδεις
3659 3911 3784 3989 γὰρ,

2146 4006 2297 4083 φησὶ,
2328 4004 2423 4073 τὴν
2467 4002 2661 4084 δωρεὰν
2717 4014 2809 4064 τοῦ
2857 4012 3008 4081 Θεοῦ,
3070 4027 3095 4061 ι
3142 4004 3430 4076 τουτέστιν,
3492 4002 3537 4057 εὶ
3591 4000 3789 4078 ὶγίνω-

2147 4114 2292 4173 σκες³
2327 4094 2378 4150 τί
2404 4092 2651 4175 δωρεῖται
2701 4098 2856 4172 Θεὸς,
2917 4098 3003 4153 καὶ
3045 4093 3131 4152 ὅτι
3182 4095 3370 4152 αἰώνια
3409 4093 3496 4150 καὶ
3527 4088 3784 4170 ἄφθαρτα,

2140 4180 2285 4257 ᾔδεις
2344 4181 2398 4239 δὲ
2451 4186 2539 4242 καὶ
2599 4184 2718 4267 ἐμὲ,
2775 4184 2853 4244 ὅτι
2911 4184 3042 4248 Θεός
3084 4186 3159 4241 ὢν
3205 4181 3429 4260 δύναμαι
3499 4179 3663 4237 ταῦτά
3702 4199 3785 4235 σοι

2140 4268 2339 4348 δοῦναι,
2397 4274 2458 4330 σύ
2515 4274 2577 4330 ἂν
2638 4275 2903 4346 ἐζήτησας
2957 4276 3044 4332 καὶ
3104 4271 3290 4337 ἔλαϐες
3340 4270 3477 4351 ὕδωρ
3503 4273 3630 4343 ζῶν-
3674 4269 3785 4335 Τὴν

2140 4361 2302 4439 χάριν
2359 4360 2413 4418 δὲ
2466 4371 2558 4420 τοῦ
2613 4365 2763 4443 ἁγίου
2821 4366 3150 4441 Πνεῦματος,
3210 4362 3347 4443 ὕδωρ
3404 4362 3563 4442 φησὶν
3618 4361 3781 4432 εἶναι,

2141 4447 2272 4506 διότι
2329 4472 2386 4507 τε
2444 4454 2675 4530 καθαίρει
2732 4454 2819 4509 καὶ
2875 4452 3080 4521 πολλὴν
3159 4450 3491 4531 παραψυχὴν
3543 4446 3781 4529 χορηγεῖ

2141 4552 2259 4603 τοῖς
2318 4539 2733 4622 ὑποδεχομένοις
2768 4561 2783 4575 ·
2830 4541 2967 4624 ὕδωρ
3008 4541 3062 4600 δὲ
3116 4544 3219 4623 οὐχ
3262 4542 3565 4618 ἱστάμενον,
3598 4538 3692 4595 οἷα
3718 4538 3783 4592 τὰ

2140 4630 2196 4683 ἓν
2239 4628 2456 4695 λάκκοις
2514 4633 2601 4689 καὶ
2654 4632 2837 4712 φρέασι
2912 4630 3251 4701 σηπιδονώδη
3305 4632 3395 4687 καὶ
3453 4627 3778 4707 διεφθορότα,

2143 4717 2278 4775 ἀλλά
2333 4725 2460 4795 ζῶν,
2521 4721 2787 4777 τουτέστιν
2865 4719 3175 4795 ἀναϐλύζον,
3231 4717 3556 4794 ἀναπηδύον,
3599 4715 3779 4773 κινού-

2142 4829 2320 4882 μενον.
2388 4798 2450 4866 Ἠ
2507 4811 2606 4891 γὰρ
2662 4812 2823 4891 χάρις
2870 4818 2963 4869 τοῦ
2993 4812 3298 4887 Πνεύματος
3324 4810 3626 4875 ἀεικίνητον
3650 4806 3779 4883 πρὸς

2138 4898 2200 4952 τὸ
2244 4898 2435 4976 ἀγαθὸν
2474 4900 2571 4965 τὴν
2630 4901 2817 4980 ψυχὴν
2851 4900 3149 4981 ἐργάζεται,
3201 4897 3481 4960 ἀναϐάσεις
3526 4896 3606 4952 ἀεὶ
3660 4892 3779 4950 δια-

2138 4986 2438 5062 τιθεμένην.
2487 4996 2731 5045 Τοιοῦτον
2778 4988 2913 5069 ὕδωρ
2969 4990 3085 5046 ἔπιε
3144 4988 3349 5054 Παῦλος
3406 4993 3510 5059 ζῶν
3552 4987 3638 5043 καὶ
3662 4984 3779 5039 ἀει-

2138 5078 2371 5150 κίνητον,
2429 5081 2534 5133 τῶν
2579 5078 2677 5153 μὲν
2738 5077 2949 5136 ὄπισθεν
2998 5076 3507 5156 ἐπιλανθανόμενος,
3552 5088 3667 5139 τοῖς
3728 5071 3779 5128 δὲ

2142 5165 2433 5243 ἔμπροσθεν
2488 5166 2944 5247 ἐπεκτεινόμενος.
3009 5191 3032 5225 ε
3090 5168 3246 5247 Λέγει
3315 5171 3458 5242 αὐτῷ
3503 5168 3539 5234 ἡ
3596 5166 3725 5244 γυνῦ
3763 5180 3778 5195 °

2144 5255 2319 5333 Κύριε.
2375 5273 2400 5310 ι
2489 5246 2643 5335 Ὀρᾷς
2727 5259 2843 5320 πῶς
2914 5258 3061 5321 εὒθὺς
3114 5246 3214 5327 τῆς
3271 5261 3530 5323 ταπεινῆς
3586 5254 3782 5317 ἑννοίας

2138 5342 2439 5423 ἀποστᾶσα,
2484 5343 2694 5412 πολλὴν
2764 5348 2862 5415 τὴν
2915 5348 3079 5424 τιμὴν
3143 5347 3283 5421 αῦτῷ
3325 5344 3607 5421 ἀπονέμει,
3664 5339 3782 5403 Κύ-

2138 5453 2251 5512 ριον
2298 5434 2627 5509 ὀνομάζουσα
2662 5453 2677 5514 ;
2740 5436 2813 5492 Οῦ
2870 5434 3049 5512 μέντοι
3094 5436 3166 5498 εἰς
3223 5437 3285 5491 τὸ
3332 5434 3491 5510 βάθος
3532 5437 3639 5487 τῶν
3692 5435 3788 5486 τοῦ

2136 5528 2364 5601 Χριστοῦ
2421 5522 2677 5600 ῥημάτων
2721 5522 2963 5604 ἔφθασεν,
3023 5522 3144 5582 ἀλλ’
3196 5521 3372 5589 ἄλλως
3420 5521 3519 5598 μὶν
3574 5519 3781 5583 latum

2134 5611 2304 5690 λέγει,
2341 5610 2521 5675 ἄλλως
2554 5609 2607 5667 δὲ
2641 5611 2813 5681 ἐκείνη
2845 5626 2961 5671 νοεῖ
2982 5614 3047 5671 τὰ
3077 5614 3194 5693 περὶ
3222 5619 3314 5670 τοῦ
3341 5610 3547 5675 ὕδατος.
