4116 6318
442 271 595 338 1239
1406 278 1999 343 THEOPHYLACTI
2046 281 2067 341 l

2246 281 2457 344 ‘ARIE
2498 279 2858 345 ARCHIEP.
3683 268 3871 334 1240

390 448 391 451 η
435 407 911 488 contemplativa.
942 408 1127 472 Porro
1158 410 1285 474 hazc
1316 418 1376 474 et
1404 411 1621 475 Paulus
1653 411 1819 474 dicit.
1864 438 1884 471 c
1914 413 2015 492 Epl

2235 413 2396 493 εὖμα,
2456 412 2589 470 κατᾶ
2629 410 2728 479 τῆς
2772 410 2963 490 σαρκός
2997 428 3009 441 ’
3061 428 3091 469 ι
3154 410 3291 467 ὥστε
3348 409 3447 475 τὴν
3512 404 3860 486 πρακτικήν

436 498 656 574 lemur,
691 498 904 578 inquit,
939 499 1000 560 in
1028 501 1245 580 azymis
1273 502 1821 577 sinceritatis,nhoc
1843 516 1953 577 est,
1974 522 2061 582 pu-

2235 503 2452 559 νίττεται
2513 500 2598 560 διὰ
2638 507 2756 574 τοῦ⁹
2825 520 2850 557 s
2911 499 2966 556 ἐν
3008 499 3315 575 πνεύματι·
3379 521 3401 553 ι
3465 495 3550 553 διὰ
3610 494 3669 551 δὲ
3727 503 3860 571 τοῦ,

433 586 623 650 ritatis
652 588 872 669 vitaa,id
906 590 1061 669 quod
1097 598 1186 650 est
1209 591 1519 670 practices:
1556 616 1581 647 α
1618 601 1677 654 et
1703 581 2016 675 veritatisc'i,
2052 617 2058 648 λ

2238 590 2291 647 ἐν
2320 590 2563 670 ἀληθείᾳ,
2626 614 2649 647 ι
2686 592 2749 646 τὸ
2777 589 3124 669 θεωρητικόν.
3158 594 3334 646 Ταῦτα
3362 584 3418 642 δὲ
3463 588 3551 642 καὶ
3615 581 3860 645 Παῢλός

433 676 492 739 id
526 677 681 757 quod
740 686 833 740 est
892 679 1387 757 contemplativa.
1436 681 1877 763 Contemplatio
1923 684 2058 745 enin

2226 700 2352 754 ’.σιν,
2409 678 2533 737 ὅταν
2604 678 2763 759 λέγῃ,
2844 701 2872 734 ι
2936 677 2989 734 ἐν
3054 676 3266 753 ἀζύμοις
3363 674 3743 755 εἱλικρινείας,
3826 695 3851 728 ο

432 774 755 846 occupatur
775 766 932 828 circa
960 767 1263 830 veritatem
1294 769 1579 832 doctrina;
1615 770 1799 835 verbi.
1834 771 1941 834 Vel
1971 772 2050 834 ali

2238 791 2285 824 οι
2328 772 2689 849 καθαρότητος
2730 769 2866 845 βίου,
2921 768 2948 823 ὃ
2992 765 3104 823 ἔστι
3160 772 3252 824 τοῦ
3303 767 3622 845 πρακτικοῦ,
3681 785 3712 818 ι
3758 764 3856 818 καὶ

430 861 562 916 ter:
603 853 891 927 Quoniam
955 856 1255 936 peculiare
1300 868 1427 919 erat
1477 857 1862 921 Samaritanis
1896 864 2055 924 Deun

2225 858 2441 939 .ηθείασ,
2478 882 2505 914 ιι
2564 860 2591 914 ὃ
2650 858 2763 915 ἔστι
2806 864 2898 915 τοῦ
2941 856 3266 935 θέωρητικου
3301 874 3314 888 ⁸
3361 857 3423 911 τὸ
3452 855 3550 934 γὰρ
3608 857 3850 931 θεωρη-

432 943 562 1007 loco
609 944 752 1005 558
800 945 1130 1021 includere,
1178 954 1237 1008 et
1293 948 1495 1011 dicere
1533 949 1689 1029 quod
1722 951 1779 1010 in
1808 951 1921 1012 hoc
1952 952 2057 1013 lOCt

2224 949 2313 1004 κὸν
2354 950 2470 1027 περὶ
2512 948 2610 1016 τὴν
2666 946 2920 1018 ἀλήθειαν
2982 946 3321 1024 καταγίνεται
3361 947 3452 1000 τοῦ
3494 942 3849 1020 δογματικώ

430 1043 699 1115 oporteat
725 1035 999 1114 adorare,
1033 1036 1188 1115 apud
1238 1035 1475 1099 Iudaeos
1533 1046 1727 1098 autem
1792 1040 1992 1101 omnia
2022 1041 2055 1101 il

2221 1036 2351 1115 ίγου.
2413 1039 2509 1096 Καὶ
2568 1035 2744 1100 ἄλλως
2779 1052 2792 1066 ·
2838 1035 2990 1095 Ἐπεὶ
3033 1042 3137 1092 τῶν
3191 1039 3531 1111 Σαμαρειτῶν
3585 1029 3742 1088 ἴδιον
3776 1031 3846 1096 ἦν

432 1123 618 1202 ﬁgura
643 1124 676 1173 ϐ
697 1131 757 1184 et
787 1123 1001 1183 umbra
1031 1122 1275 1204 ﬁebant,
1314 1126 1369 1186 in
1398 1126 1616 1205 spiritu
1662 1127 1933 1204 adorare,
1970 1148 2044 1209 op

2217 1151 2225 1181 ι
2282 1125 2604 1205 παρικλείειν
2648 1127 2797 1200 τόπῳ
2864 1128 2957 1183 τὸν
3039 1126 3191 1198 Θεὸν,
3254 1125 3344 1181 καὶ
3390 1121 3563 1209 λέγειν
3628 1120 3720 1209 ὅτι
3788 1119 3842 1175 ἐν

433 1211 674 1292 ponitur
700 1211 1033 1273 adorationi
1056 1213 1656 1289 Samaritanurum,ut
1678 1215 1899 1277 dictum
1927 1207 2058 1278 huni

2214 1216 2334 1288 n'rtqi
2388 1222 2466 1291 τῷ
2507 1217 2657 1291 τόπῳ
2715 1213 2801 1271 δεῖ
2858 1226 3199 1293 προσκυνεῖν,
3258 1226 3378 1277 τοϊς
3433 1209 3487 1267 δὲ
3543 1207 3839 1270 Ἰουδαίοις

430 1318 674 1363 sensum
726 1300 959 1363 habeat:
988 1299 1105 1363 Vos
1160 1301 1400 1381 quidem
1434 1303 1786 1365 Samaritani
1832 1305 2055 1367 localen

2213 1311 2400 1369 »πικῶς
2456 1305 2630 1362 πάντα
2674 1302 2914 1361 ἐτελεῖτο
2957 1306 3044 1361 καὶ
3091 1301 3332 1368 σκιωδῶς
3357 1321 3371 1335 ·
3436 1302 3497 1356 τὸ
3539 1299 3666 1378 μὲν,
3714 1321 3747 1353 α
3784 1296 3838 1353 ἓν

431 1389 746 1470 quemdam
781 1390 1001 1451 cultum
1035 1389 1260 1452 oﬂ‘ertis
1292 1391 1435 1465 Deo,
1465 1392 1587 1453 veri
1640 1402 1833 1454 autem
1865 1395 2045 1456 adora

2210 1394 2451 1469 νεύματι,
2502 1416 2531 1450 ι
2597 1395 2727 1472 πρὸς
2803 1390 3205 1465 ἀντιδιαστολὴν
3276 1392 3381 1448 τῶν
3472 1390 3835 1472 Σαμαρειτῶν

430 1486 590 1539 tores
619 1498 737 1540 non
768 1479 1012 1540 localem
1048 1480 1398 1542 oﬁ‘erentJn
1431 1480 1639 1560 spiritu
1675 1483 1831 1543 enim
1859 1484 2055 1546 colent

2207 1505 2354 1563 ησιν,
2385 1483 2523 1540 ὥστε
2553 1471 2692 1540 εἶναι
2722 1484 2783 1539 τὺ
2813 1481 3104 1562 λεγόμενον
3133 1487 3369 1538 τοιοῦτον
3405 1497 3419 1511 ⁸
3476 1471 3665 1553 ’Υμεϊς
3702 1479 3832 1553 μὲν,

430 1567 545 1629 hoc
573 1575 887 1639 est,mente
930 1576 987 1628 et
1014 1568 1234 1631 anima.
1256 1570 1373 1631 Sed
1406 1588 1601 1650 neque
1631 1570 1783 1633 sicut
1804 1571 1993 1634 Judaei
2023 1574 2055 1633 in

2209 1575 2214 1627 ἱ
2271 1579 2629 1652 Σαμαρεῖται,
2718 1572 2947 1641 τοπικήν
3027 1592 3145 1628 τινα
3222 1569 3467 1649 λατρείαν
3522 1568 3834 1651 προσᾴγετε

432 1663 565 1737 typo
597 1666 653 1718 et
685 1656 896 1718 umbra
919 1655 1389 1738 adorabunt,sed
1422 1660 1482 1722 in
1516 1660 1781 1724 veritate:
1815 1661 1952 1742 quia
1971 1662 2057 1725 Ju‘

2205 1666 2245 1734 ᾧ
2302 1666 2418 1735 Θεῷ
2452 1676 2465 1691 ⁸
2533 1664 2579 1718 οἱ
2649 1659 2705 1717 δὲ
2762 1659 3003 1727 ἀληθινοὶ
3057 1659 3417 1738 προσκυνηταὶ
3476 1659 3549 1730 οὗ,
3587 1656 3830 1722 τοπικὴν

429 1744 732 1808 daicorum
772 1765 1002 1808 morum
1039 1757 1096 1808 et
1127 1746 1612 1811 Observationum
1646 1750 1879 1812 futurus
1912 1763 2001 1813 est
2022 1755 2054 1813 tl

2206 1749 2516 1830 pooéEouotv
2550 1769 2565 1785 '
2631 1750 2687 1807 ἐν
2747 1750 3008 1825 πνεύματι
3067 1750 3166 1828 γὰρ
3223 1747 3620 1828 λατρεύσουσιν,
3707 1743 3831 1813 ἦτοι

428 1834 838 1897 nis.Fortassis
854 1845 1050 1897 autem
1074 1836 1320 1900 Judaica
1337 1837 1789 1913 lex,secundum
1825 1840 2053 1902 litteram

2207 1847 2242 1914 ᾧ
2275 1840 2351 1915 νῷ
2393 1841 2483 1896 καὶ
2512 1846 2579 1917 τῇ
2844 1837 2997 1897 Ἀλλ’
3040 1836 3154 1896 οὐδὲ
3209 1839 3346 1895 κατὰ
3387 1838 3508 1901 τοὺς
3538 1833 3832 1898 Ἰουδαίους

428 1922 749 1996 intellecta,
782 1925 971 2004 ﬁgura
996 1934 1122 1987 erat
1153 1935 1209 1987 et
1238 1928 1475 1990 umbra.
1509 1928 1675 2000 Quod
1711 1930 1950 2007 dicitur,
1984 1934 2053 1991 «in

2204 1954 2218 1986 ν
2260 1930 2409 2002 τύπῳ
2451 1930 2541 1986 καὶ
2587 1936 2711 2001 σκιᾷ
2761 1930 3236 2008 προσκυνήσουσιν,
3292 1925 3409 1983 ἀλλ’
3462 1926 3517 1982 ἐν
3574 1924 3829 1997 ἀληθεία,

428 2011 640 2093 spiritu
659 2015 710 2088 7,
728 2038 747 2070 ι
762 2015 1088 2096 opponitur
1118 2015 1487 2078 litteraeNon
1508 2017 1666 2079 enim
1688 2019 1781 2081 lex
1808 2018 2019 2082 littera:
2048 2043 2053 2081 :

2205 2019 2261 2074 ἴα
2318 2021 2422 2075 νῶν
2468 2016 2778 2075 Ἰουδαϊκῶν
2860 2017 2991 2074 ἐθῶν
3071 2037 3129 2073 τε
3204 2016 3292 2072 καὶ
3346 2014 3830 2091 παρατηρημάτων

429 2102 602 2164 nobis
623 2101 1101 2179 observatur,sed
1127 2104 1219 2165 lex
1250 2106 1514 2185 spiritus.
1541 2105 1687 2167 Nam
1721 2107 1915 2170 littera
1944 2109 2054 2189 qui

2210 2105 2474 2163 ελλόντων
2532 2105 2917 2175 καταλυθῆναι.
2978 2105 3134 2186 Τάχα
3191 2103 3245 2160 δὲ
3302 2105 3415 2160 ἐπεὶ
3469 2106 3498 2161 6
3527 2101 3829 2165 Ἰουδαϊκὸς

430 2190 566 2253 dem
598 2191 1101 2273 ocoidit,Spiritus
1131 2203 1328 2255 autem
1356 2195 1717 2259 viviﬁcat.Et
1748 2197 1903 2277 quod
1930 2198 2047 2260 dici

2205 2198 2353 2273 όμος,
2409 2198 2546 2253 κατὰ
2588 2196 2649 2253 τὰ
2709 2197 2931 2275 γράμμα
2987 2196 3291 2270 νοούμενος,
3354 2194 3514 2259 τύπος
3572 2194 3660 2249 καὶ
3702 2193 3830 2248 σκιὰ

430 2279 547 2354 iur,
584 2282 689 2341 «in
720 2282 1040 2362 veritatc,»
1099 2283 1419 2363 opponitur
1471 2283 1699 2346 umbrm
1752 2295 1808 2347 et
1859 2287 2055 2365 ﬁgurae

2202 2308 2258 2360 ν,
2305 2287 2436 2361 πρὸς
2496 2283 2899 2352 ἂντιδιαστολὴν
2960 2285 3058 2360 μὲν
3111 2291 3204 2341 τοῦ
3271 2284 3585 2362 γράμματος
3642 2296 3827 2338 κεῖται

438 2394 463 2427 α
501 2368 691 2434 Venit.
709 2370 906 2449 igitur,
937 2371 1149 2451 inquit,
1189 2372 1357 2448 hora,
1395 2394 1424 2433 ›
1465 2375 1582 2435 imo
1620 2393 1774 2436 nunc
1808 2388 1922 2452 est,
1945 2396 2063 2438 cor.

2201 2376 2252 2457 ὁ,
2314 2398 2338 2431 u
2389 2376 2444 2431 ἑν
2504 2374 2763 2450 πνεύματι
2799 2391 2813 2406 ⁶
2854 2397 2881 2430 n
2933 2373 3049 2453 (οὑκ
3078 2373 3155 2430 ἐτι
3199 2374 3299 2452 γὰρ
3333 2374 3360 2429 6
3388 2372 3482 2430 τοῦ
3502 2371 3821 2451 γρὶμματος

433 2458 649 2539 poralis
691 2458 808 2520 mei
862 2459 1095 2522 scilicet
1142 2460 1444 2523 adventus
1503 2471 1760 2543 tempus,
1795 2486 1823 2524 α
1850 2466 2058 2546 quandi

2196 2488 2223 2521 ν
2279 2467 2414 2540 ἡμῖν
2459 2464 2793 2523 πολιτεύεται
2829 2464 3011 2541 νόμος,
3070 2461 3188 2520 ἀλλ’
3249 2465 3277 2519 δ
3333 2470 3425 2520 τοῦ
3477 2463 3771 2537 πνεύματος
3807 2479 3819 2492 ·

433 2546 555 2610 veri
586 2548 990 2623 adoratores,»
1027 2568 1221 2630 neque
1255 2549 1411 2614 sicut
1441 2550 1817 2626 Samaritani,
1846 2574 1965 2616 uno
1993 2555 2058 2616 lo.

2305 2589 2306 2603 ι
2351 2554 2446 2629 μὲν
2507 2556 2606 2633 γὰρ
2674 2551 2894 2633 γράμμα
2980 2552 3313 2623 ἀποκτείνει,
3376 2552 3437 2608 τὸ
3494 2550 3549 2607 δὲ
3607 2554 3819 2626 πνεῦμα

432 2656 501 2699 co
527 2636 880 2712 adorabunt,
915 2639 1019 2701 sed
1052 2639 1212 2700 omni
1247 2640 1377 2702 loco
1436 2642 1761 2703 secundum
1809 2644 2057 2724 spiritun

2197 2658 2424 2702 ωοποιεϊ
2455 2660 2473 2680 '
2512 2649 2563 2716 ιι)
2620 2644 2752 2720 πρὸς
2809 2639 3212 2709 ἀντιδιαστολὴν
3269 2639 3324 2697 δὲ
3386 2648 3477 2698 τοῦ
3521 2640 3687 2697 τύπου
3730 2642 3819 2695 καὶ

436 2734 496 2790 et
524 2726 982 2807 incorporaliter
1024 2728 1430 2793 adorationem
1465 2732 1823 2794 offerentes:
1854 2734 2005 2794 sicut
2028 2753 2059 2794 e

2189 2738 2266 2802 εῆς
2310 2739 2485 2808 σκιᾶς,
2517 2734 2600 2812 τὸ,
2642 2751 2671 2791 ι
2702 2731 2756 2788 ἒν
2816 2731 3058 2804 ἀληθείᾳ,
3098 2754 3121 2786 ι)
3162 2730 3442 2811 ’Ἔρχεται
3486 2731 3597 2803 οὗν,
3630 2730 3814 2809 φησὶν,

435 2816 650 2905 Paulus
681 2816 865 2879 dicit:
903 2817 1041 2881 «Cui
1072 2818 1264 2880 servio
1287 2819 1347 2880 in
1380 2819 1592 2898 spiritu
1626 2841 1755 2884 meo
1776 2824 1861 2898 8,·
1892 2842 2060 2905 nequi

2191 2824 2305 2902 ὅρα,
2361 2821 2563 2898 μᾶλλον
2620 2820 2675 2877 δὲ
2730 2822 2820 2878 καὶ
2864 2827 2951 2878 νῦν
3004 2818 3171 2895 ἔστιν,
3218 2823 3246 2877 6
3290 2821 3386 2888 τῆς
3444 2819 3579 2890 ἐμῆς
3611 2816 3816 2884 δηλαδὴ

432 2906 586 2968 sicut
611 2903 803 2969 Judaei
849 2907 1156 2986 ﬁguralem
1208 2916 1266 2970 et
1308 2910 1687 2973 umbratilem
1750 2903 2057 2974 futurorun

2189 2917 2481 2989 πωματικῆς
2539 2910 2830 2989 παρουσίας
2872 2931 3078 2991 καιρος,
3140 2909 3227 2966 ὅτε
3276 2912 3321 2967 oi
3377 2907 3615 2975 ἀληθινοὶ
3644 2929 3814 2984 προσ-

434 2995 796 3057 ostensivum
831 2995 1053 3085 cultum
1086 2996 1407 3074 adducent,
1441 2999 1544 3061 sed
1594 3019 1796 3063 verum
1850 3010 1908 3064 et
1937 3002 2059 3063 nihi

2189 3003 2391 3069 ιυνηταὶ
2448 2999 2564 3057 οὔτε
2627 3000 2765 3056 κατὰ
2814 3000 3170 3079 Σαμαρείτας,
3227 2999 3281 3055 ὲν
3326 2998 3474 3070 τόπῳ
3521 2997 3598 3053 ἓνὶ
3646 3018 3814 3074 προσ-

442 3082 805 3146 umbratbile
827 3084 1209 3148 habentem.«
1243 3086 1415 3149 Tales
1445 3090 1604 3151 enim
1635 3091 1844 3171 quaerit
1865 3091 2067 3152 adora-

2189 3093 2503 3165 ιυνήσουσιν,
2564 3087 2682 3145 ἀλλ’
2735 3089 2789 3143 ἐν
2858 3091 3014 3144 παντὶ
3056 3089 3205 3161 τόπῳ
3240 3088 3376 3144 κατὰ
3430 3096 3655 3161 πνεῦμα,
3733 3088 3814 3141 καὶ

433 3182 593 3236 tores
624 3172 807 3253 Deus,
851 3198 871 3232 ορ
911 3175 1190 3254 quoniam
1214 3177 1458 3257 spiritus
1489 3186 1599 3260 est,
1634 3180 1996 3260 spirituales,
2026 3199 2058 3243 e

2191 3181 2468 3256 ισωμάτως
2552 3178 2648 3245 τὴν
2735 3178 3092 3260 προσκυνήσω
3188 3177 3545 3256 προσάγοντες
3618 3174 3816 3253 (ὥσπερ

434 3263 573 3345 quia
602 3262 818 3325 veritas
843 3272 959 3335 est,
981 3282 1180 3327 veros.
1250 3255 1262 3257 “
1584 3255 1596 3260 ⁷
1668 3255 1684 3260 ⁷

2188 3273 2254 3329 ιαὶ
2290 3255 2517 3331 Παῦλός
2561 3288 2723 3346 φησιν
2757 3255 2787 3297 ’ν
2831 3288 2852 3321 s
2910 3255 2974 3347 ’ῼ
3032 3255 3268 3346 λατρεύω
3338 3264 3393 3322 ἐν
3445 3269 3521 3338 τῷ
3563 3264 3813 3339 πνεύματῖ

434 3381 534 3434 μου
572 3357 625 3436 ι)
664 3377 679 3394 ο
714 3357 832 3414 οὕτε
861 3360 997 3415 κατὰ
1026 3361 1146 3425 τοὺς
1179 3358 1483 3437 Ἰουδαίιυς,
1520 3365 1769 3444 τοπικὴν,
1826 3367 1912 3421 καὶ
1944 3364 2171 3441 σκιώδη,
2206 3364 2293 3421 καὶ
2324 3369 2431 3420 τῶν
2460 3360 2768 3438 μελλόντων
2818 3359 3146 3441 ἐμφαντικὴν
3177 3358 3423 3437 λατρείαν
3452 3357 3816 3438 προσάξουσιν,

434 3446 555 3504 ἀλλ’
586 3446 761 3515 ἀληθῆ
794 3449 882 3504 καὶ
912 3448 1078 3523 μηδὲν
1138 3449 1357 3514 σκιῶδες
1412 3451 1665 3531 ἔχουσαν.
1728 3456 2004 3517 Τοιούτους
2063 3456 2163 3535 γὰρ
2204 3461 2361 3527 ζητεῖ
2416 3452 2538 3516 τοὺς
2567 3451 2934 3529 προσκυνητὰς
2960 3453 2987 3507 6
3019 3452 3148 3515 Θεὸς
3177 3466 3191 3479 ·
3229 3447 3413 3516 ἐπειδὴ
3446 3448 3648 3523 πνεῦμά
3677 3446 3785 3503 ἐστι
3804 3494 3823 3522 ,

435 3538 846 3612 πνευματικοὺς,
880 3538 969 3594 καὶ
1001 3538 1185 3606 ἐπειδὴ
1216 3538 1439 3609 ἀλήθειά
1469 3541 1632 3615 ἐστιν,
1669 3542 1972 3610 ἀληθινούς,

515 3628 700 3691 Vsus.
724 3629 933 3691 $537.
978 3654 1004 3685 ι
1038 3629 1195 3693 Dicit
1224 3629 1279 3691 ei
1311 3631 1527 3694 mulier
1555 3655 1566 3691 :
1594 3635 1729 3697 Scio
1760 3637 1916 3715 quod
1939 3636 2087 3700 Mes-

2255 3655 2280 3692 s
2330 3633 2485 3712 Λέγει
2544 3634 2687 3707 αὑτῷ
2740 3633 2776 3699 ἡ
2833 3633 2966 3712 γυνή
3004 3652 3031 3715 Ἀ
3067 3628 3207 3689 Οἶδα
3248 3629 3328 3687 ὅτι
3372 3631 3602 3696 Μεσσίας
3660 3630 3818 3712 ’5.st-

436 3716 556 3779 sias
577 3724 861 3779 venturus
894 3725 1001 3798 est,
1037 3719 1138 3799 qui
1170 3719 1390 3781 dicitur
1417 3722 1684 3784 Christus
1714 3741 1727 3785 :
1765 3712 1898 3785 cum
1949 3745 2061 3805 erg«

2191 3745 2286 3803 ται,
2332 3725 2360 3780 6
2404 3721 2695 3800 λεγόμενος
2728 3722 2981 3801 Χριστός.
3019 3712 3201 3779 ’Ὅταν
3228 3719 3356 3798 ἔλθῃ
3400 3721 3629 3795 ἐκεῖνος,
3662 3721 3816 3799 ἄναγ’

437 3805 675 3869 venerit
704 3806 1010 3881 ille,nobis
1040 3809 1335 3871 nuntiabit
1365 3812 1585 3876 omnia.
1615 3813 1767 3875 Dicit
1789 3816 1842 3877 ei
1870 3814 2040 3877 Jesus

2190 3812 2325 3892 τελεῖ
2380 3813 2518 3887 ἡμῖν
2574 3810 2771 3873 πάντα,
2836 3809 2993 3889 Λέγει
3039 3810 3174 3887 αὖτῇ
3203 3814 3229 3868 6
3254 3808 3459 3879 Ἰησοῦς
3495 3830 3511 3849 '
3542 3808 3685 3888 Ἐγὼ
3713 3812 3815 3884 εἰμι

435 3895 556 3987 E_go
580 3913 714 3987 sum
742 3895 841 3987 qui
873 3895 1236 3987 loquorqtibi.
1264 3898 1334 3960 Et
1357 3902 1636 3963 continuo
1658 3913 1947 3966 venerunt
1972 3905 2060 3966 dis

2190 3905 2201 3958 'i
2244 3899 2423 3958 λαλῶν
2467 3922 2575 3962 σοι,
2625 3901 2723 3958 Καὶ
2778 3899 2867 3957 ἐπὶ
2919 3900 3087 3974 τούτῳ
3144 3899 3305 3968 ἦλθον
3362 3904 3407 3957 οἱ
3451 3900 3680 3987 μαθηταὶ
3722 3900 3815 3955 αὖ·

437 3983 622 4064 cipuli
653 3983 806 4064 ejus,
841 3993 899 4046 et
930 3985 1299 4049 mirabantur
1328 3990 1483 4070 quod
1536 4010 1671 4052 cum
1717 3993 1962 4055 muliere
1999 3994 2053 4055 lo

2192 3993 2286 4064 τοῦ,
2359 3990 2448 4048 καὶ
2533 3987 2857 4063 ἐθαύμασαν,
2933 3988 3013 4044 ὅτι
3097 3990 3229 4065 μετὰ
3318 3990 3564 4068 γυναικὸς
3622 3985 3817 4046 ἐλάλει.

440 4080 747 4163 queretur.
799 4075 999 4163 iNemo
1052 4084 1245 4138 tamen
1298 4078 1489 4142 dixit:
1526 4080 1677 4153 Quid
1724 4084 1961 4163 quaeris,
1994 4103 2063 4144 au

2193 4077 2338 4143 ιύδεὶς
2393 4076 2577 4153 μέντοι
2643 4076 2769 4133 εἷπε
2800 4093 2813 4107 ⁸
2876 4077 2936 4135 Τί
2987 4083 3195 4151 ζητεῖς,
3241 4077 3277 4145 ἢ
3348 4079 3398 4133 τί
3453 4074 3636 4141 λαλεῖς
3704 4079 3818 4151 μετ’

442 4180 551 4226 cur
582 4162 841 4242 loqueris
877 4182 1013 4225 cum
1044 4166 1145 4226 ea?
1175 4191 1195 4221 ι
1226 4164 1397 4229 Unde
1430 4170 1645 4230 mulier
1694 4162 1921 4234 sciebat
1949 4190 2067 4233 ven'

2196 4169 2343 4234 ιύτῆς
2379 4184 2395 4243 ;
2430 4185 2459 4227 ιι
2513 4165 2679 4222 Πόθεν
2720 4168 2754 4233 ἡ
2799 4166 2931 4245 γυνὴ
2962 4165 3244 4241 ἠπίστατο,
3278 4166 3358 4223 ὅτι
3406 4167 3636 4230 Μεσσίας
3667 4164 3821 4244 ἔρχε-

440 4262 637 4314 turum
660 4252 962 4334 Messiam,
989 4255 1090 4335 qui
1123 4254 1338 4318 dicitur
1361 4258 1632 4323 Christus
1651 4259 1682 4318 ?
1710 4260 1789 4323 Ex
1824 4261 2062 4324 Mosaici

2196 4278 2263 4311 ται
2322 4258 2350 4311 6
2393 4253 2682 4334 λεγόμενος
2739 4254 2962 4333 Χριστός
3000 4273 3017 4329 ;
3071 4253 3167 4313 Ἐκ
3216 4256 3323 4312 τῶν
3355 4256 3659 4312 Μωσαϊκῶν
3689 4259 3821 4332 Γρα-

444 4340 803 4431 δετὶρῐυτίε.
837 4345 985 4404 Nam
1029 4345 1311 4424 superius
1343 4346 1603 4409 diximus
1632 4350 1789 4430 quod
1832 4350 2069 4431 quinqui

2198 4344 2314 4425 ρῶν.
2374 4345 2474 4403 Καὶ
2504 4345 2604 4423 γὰρ
2661 4342 2865 4422 ἔφημεν
2926 4344 3188 4424 εἰπόντες,
3239 4345 3319 4401 ὅτι
3382 4346 3482 4412 τὴν
3539 4344 3823 4399 Πενττέτευ⁶

444 4429 630 4492 libros
662 4430 809 4491 Mosi
837 4432 1190 4494 Samaritani
1219 4436 1559 4516 rcceperint
1592 4429 1736 4510 Quia
1768 4429 1945 4518 igitur
1973 4429 2066 4503 M0

2194 4460 2281 4518 (ον
2326 4435 2560 4499 Μωσέως
2609 4437 2657 4491 οἱ
2716 4443 3045 4515 Σαμαρεῖται
3103 4435 3364 4503 ἐδέξαντο,
3441 4436 3591 4495 Ἐπεὶ
3647 4438 3732 4493 οὖν
3758 4437 3819 4491 τὰ

448 4521 604 4581 saica
624 4528 997 4600 receperant,
1008 4539 1076 4582 ex
1099 4523 1216 4583 illis
1238 4541 1643 4603 cognoverunt
1664 4528 2073 4608 prophetiasdt

2189 4526 2445 4583 Μωσαῒκὰ
2519 4522 2777 4600 ἐδέξαντο,
2867 4525 2927 4583 ἐκ
3010 4528 3208 4584 τούτων
3293 4526 3509 4604 ᾔδεισαν
3553 4532 3645 4591 τᾶς
3704 4526 3814 4603 περὶ

447 4608 701 4683 Christo,
732 4617 788 4670 et
817 4610 973 4691 quod
1003 4610 1189 4672 Filius
1220 4612 1296 4674 sit
1323 4612 1604 4677 Dei.Nam
1659 4636 1792 4678 cum
1831 4617 2043 4679 dicitur

2191 4620 2411 4695 Χριστοῦ
2476 4615 2827 4695 προφητείας,
2901 4616 2987 4672 καὶ
3046 4615 3127 4673 ὅτι
3186 4616 3305 4681 Υἱός
3360 4617 3470 4673 ἐστι
3524 4622 3614 4672 τοῦ
3669 4622 3816 4673 Θεοῦ.

448 4721 475 4757 α
513 4697 828 4761 Faciamus
852 4699 1157 4761 hominem
1176 4702 1256 4776 8ο,
1295 4727 1323 4759 ι
1357 4711 1632 4785 tanquam
1667 4706 1739 4767 ad
1771 4704 1983 4769 Filium
2014 4706 2073 4768 di

2195 4706 2257 4763 I‘o'
2299 4725 2357 4760 τε
2387 4704 2510 4784 γὰρ,
2546 4724 2577 4765 (
2626 4706 2943 4780 Ποιήσωμεν
2997 4706 3293 4786 ἄνθρωπον,
3356 4730 3383 4761 ιι
3442 4710 3514 4769 ὡς
3566 4709 3692 4786 πρὸς
3736 4707 3820 4761 τὸν

449 4796 542 4850 cta
581 4805 712 4849 esse
746 4807 781 4878 a
812 4790 985 4850 Patre
1005 4790 1383 4853 manifestum
1416 4803 1524 4855 est.
1559 4793 1628 4855 Et
1653 4795 1908 4857 Abrahae
1947 4816 2074 4876 quo

2198 4795 2307 4851 Γῖὸν
2350 4796 2585 4872 εἰρῆσθαι
2637 4794 2781 4871 παρᾶ
2833 4794 2927 4851 τοῦ
3000 4798 3205 4874 Πατρὸς
3275 4797 3511 4878 ἓμφαίνει
3553 4813 3567 4827 ’
3621 4796 3704 4852 καὶ
3752 4802 3823 4869 τῷ

449 4896 565 4959 que
596 4878 654 4938 in
686 4876 1067 4939 tabernaculo
1096 4878 1281 4942 Filius
1312 4882 1688 4963 loquebatur,
1722 4893 1785 4945 et
1820 4875 2003 4946 Jacob
2028 4886 2074 4947 dt

2196 4875 2426 4962 Ἀϐραὰμ
2458 4881 2512 4938 δὲ
2546 4882 2600 4938 ἐν
2630 4887 2697 4958 τῇ
2726 4888 2902 4960 σκηνῇ
2954 4886 2982 4941 6
3028 4886 3147 4949 Υἱὸς
3199 4885 3270 4953 ἧν
3327 4875 3368 4942 ὁ⁷
3402 4883 3770 4962 διαλεγόμενος
3807 4898 3821 4914 ⁶

449 4967 578 5049 ipso
636 4966 970 5046 praedicens
1009 4967 1302 5031 dicebat9
1334 4993 1347 5035 :
1386 4998 1408 5028 α
1447 4974 1575 5034 Non
1635 4973 1874 5034 deﬁciet
1932 4974 2074 5054 prin

2200 4974 2274 5029 ιιαὶ
2330 4972 2359 5028 6
2413 4967 2605 5029 Ἰακὼϐ
2684 4972 2801 5048 περὶ
2900 4975 3057 5033 αὑτοῦ
3124 4975 3473 5054 προφητεύων
3544 4972 3687 5051 ἔλεγε
3745 4974 3825 5051 τὸ,

451 5073 594 5136 ceps
614 5057 688 5118 de
707 5055 1080 5129 Juda,donec
1112 5060 1305 5122 veniat
1336 5062 1427 5123 cui
1459 5061 1782 5141 repositum
1829 5071 1915 5124 est
1956 5064 2034 5122 ω.

2203 5084 2221 5117 ι
2266 5059 2373 5118 Οὒκ
2430 5058 2661 5136 ἐκλείψει
2718 5059 2905 5141 ἅρχων
2962 5062 3014 5129 ἐξ
3064 5060 3252 5137 Ἰούδα,
3312 5062 3413 5127 ἕως
3474 5062 3535 5118 ἂν
3583 5061 3727 5139 ἔλθῃ,
3785 5063 3828 5135 ᾦ

452 5143 523 5209 Et
552 5145 679 5225 ipse
710 5146 897 5208 MOSes
918 5166 1154 5229 quoque
1186 5150 1345 5215 dicit:
1380 5151 1761 5232 «Prophetam
1795 5153 2077 5215 suscitabi

2203 5149 2469 5206 ἱπόκειται
2499 5167 2512 5180 ·
2556 5172 2579 5206 υ
2657 5150 2746 5205 καὶ
2818 5150 2975 5215 αὐτὸς
3034 5148 3090 5207 δὲ
3164 5156 3418 5226 Μωϋσῆς,
3479 5175 3504 5207 ιί
3553 5152 3828 5232 Προφήτην

450 5233 619 5296 vobis
646 5232 936 5297 Dominus
967 5236 1042 5298 de
1072 5236 1357 5301 fratribus
1387 5242 1601 5302 vestris
1623 5241 1777 5302 sicut
1809 5242 2075 5307 me.i|lun

2203 5238 2478 5307 ἱναστήσει
2532 5238 2725 5318 Κύριος
2783 5238 2845 5296 ἐκ
2898 5247 3004 5298 τῶν
3057 5239 3301 5322 ἀδελφῶν
3358 5243 3507 5318 ὑμῶν
3576 5242 3648 5305 ὡς
3687 5240 3779 5315 ἒμέ
3809 5242 3828 5271 ‘

452 5323 703 5413 audietis
720 5325 798 5413 ξι.
830 5351 857 5383 »
888 5326 961 5389 Ει
990 5328 1174 5390 multa
1204 5330 1320 5392 alia
1353 5330 1574 5394 Christi
1602 5330 1918 5393 adventum
1952 5349 2077 5413 prae

2202 5328 2347 5386 ιιύτοῦ
2402 5326 2686 5385 ἀκούσεσθε
2720 5346 2737 5365 ·
2778 5352 2806 5383 ι)
2867 5332 2955 5387 καὶ
2998 5328 3174 5388 πολλὰ
3219 5330 3371 5412 ἓτερα
3426 5332 3526 5399 τὴν
3568 5335 3657 5386 τοῦ
3700 5335 3827 5406 Χρι-

453 5411 680 5476 dicunt.
715 5411 1039 5497 Propterea
1081 5416 1226 5479 dicit
1284 5420 1497 5481 mulier
1530 5439 1543 5484 :
1584 5418 1749 5482 «Scio
1780 5411 2078 5503 quodlven

2200 5422 2316 5478 πτοῦ
2372 5416 2664 5496 παρουσίαν
2707 5418 3145 5499 ἁθακηρύττουσι.
3198 5421 3295 5477 Διὰ
3350 5426 3507 5477 τοῦτο
3536 5419 3625 5478 οὖν
3673 5440 3825 5499 φησιν

531 5570 615 5664 ἱΙ
646 5570 780 5635 Cor.
806 5590 864 5649 v,
899 5576 985 5664 7._
1046 5576 1080 5628 ϐ
1106 5576 1298 5664 _I_C_or.
1324 5597 1383 5663 χ,
1415 5581 1516 5644 tl.
1602 5579 1713 5664 711
1744 5580 1878 5645 Cor.
1913 5598 1999 5657 ιιι.
2026 5584 2084 5643 6.

2200 5612 2201 5615 η
2234 5579 2410 5645 Rom.
2435 5593 2480 5661 ι,
2514 5577 2574 5644 9.
2665 5578 2723 5631 ⁸⁸
2753 5577 2904 5649 Gen.
2936 5597 2980 5664 ι,
3015 5581 3117 5646 26.
3200 5582 3234 5635 ο
3254 5578 3405 5648 Gen.
3431 5595 3555 5646 xvn
3582 5585 3640 5646 et
3667 5595 3825 5645 xvm.

456 5650 515 5702 1ο
541 5650 693 5728 Gen,
717 5668 880 5730 nix,
914 5656 1015 5722 40.
1100 5657 1148 5703 ¹¹
1184 5650 1558 5743 ῡοιιιίινιη,
1591 5662 1689 5725 18.
