4060 6294
165 326 351 390 1241
945 293 1395 388 ENARRATIO
1441 305 1518 374 IN
1568 315 2074 383 EVANGELIUM
2121 322 2461 388 JOANNIS.
2517 360 2584 370 —
2618 329 2779 390 CAP.
2834 329 2948 389 1v.
3493 326 3640 390 1242

165 461 213 528 ἠ
281 459 486 537 γυνή·
552 477 576 514 α
654 455 792 518 Οἶδα
865 456 944 512 ὅτι
988 454 1198 536 ἔρχεται
1230 447 1492 515 Μεσσίας.
1560 462 1600 512 Ο
1631 450 1685 511 δὲ
1717 455 1924 535 Κύριος.

2011 467 2151 512 urus
2197 453 2276 515 sit
2304 456 2695 522 Messias.»At
2727 477 2886 520 nunc
2920 473 2988 519 se
3018 455 3101 517 illi
3143 457 3478 520 manifestat
3507 459 3630 522 Do-

173 548 418 606 λοιπδν
495 545 812 605 ὶκκαλύπτει
877 547 1012 624 αὐτῇ
1066 546 1275 627 ἑαυτὸν,
1352 539 1486 602 οὕτω
1515 549 1612 614 τῆς
1672 544 1900 602 ἀκολου-

2007 541 2202 615 ninus,
2226 542 2306 605 ita
2335 549 2764 629 consequentia
2795 547 3088 610 sermonis
3149 548 3440 626 exigente.
3475 546 3630 610 Sane

174 639 315 704 ϐίοις
390 644 505 695 τοῦ
565 636 728 715 λογου
759 636 1160 704 ἀπαιτησάσης,
1224 638 1282 693 Εἰ
1314 633 1367 691 δὲ
1420 635 1564 700 εὖθὺς
1615 634 1666 701 ἐξ
1724 636 1901 714 ἀρχῆς

2007 630 2036 691 ιὶ
2066 634 2259 694 statim
2292 634 2364 696 ab
2388 636 2555 699 initio
2585 637 2850 715 dixisset,
2874 636 2994 714 Ego
3025 656 3155 699 sum
3190 637 3480 713 Christus,
3515 656 3628 700 ne-

180 728 412 806 εἶπεν,
473 727 558 784 ὅτι
591 724 734 805 Ἐγώ
789 728 894 802 εἰμι
982 728 1009 781 ὁ
1072 726 1316 804 Χριστὸς,
1398 723 1514 783 οὕτε
1544 725 1643 793 τὴν
1675 737 1902 803 γυναῖκα

2007 739 2101 801 [ue
2132 723 2362 786 mulieri
2397 728 2811 806 persuasisset,
2849 737 2907 789 et
2936 727 3090 788 visus
3111 726 3319 788 fuisset
3339 746 3627 789 onerosus

178 816 449 874 ἔπεισεν
511 815 598 890 ἅν,
645 817 732 874 καὶ
777 813 918 882 ἔδοξε
949 817 1194 895 φορτικός
1237 837 1318 879 τις
1348 816 1488 873 εἶναι
1535 817 1622 873 καὶ
1669 813 1902 886 ἀλαζώνο

2007 811 2283 892 quispiam
2311 823 2368 876 et
2396 835 2679 896 arrogans
2713 836 2725 880 :
2753 837 2910 879 nunc
2950 817 3231 896 paulatim
3282 816 3355 879 ad
3388 818 3500 878 hoc
3527 817 3626 878 in-

174 915 268 964 ν”ε
373 903 432 947 “9
635 905 650 924 ‘
773 912 791 928 ‘
863 906 878 924 “
1055 904 1137 946 "‘
1369 903 1492 963 664
1683 904 1768 960 Et
1881 904 1908 958 ὸ

212 929 284 966 υ)
367 925 435 960 ο..
526 927 662 963 κατα
735 927 920 984 μικρον
1021 926 1181 972 αοτην
1267 927 1420 984 προι
1495 927 1591 969 σας
1710 927 1749 961 π
1847 925 1875 958 τ

183 995 654 1072 ἀναμνησθῆναι
722 999 822 1061 τῆς
883 995 1000 1074 περὶ
1074 996 1299 1072 Χριστοῦ
1368 993 1706 1073 προσδοκίας,
1740 991 1906 1055 οὕτως

185 1083 313 1152 ἤδη
390 1086 601 1143 ἑαυτὸν
659 1083 1001 1141 ὲκκαλύπτει.
1077 1084 1226 1147 Τίνος
1287 1082 1341 1140 δὲ
1398 1083 1572 1141 ἕνεκεν
1638 1096 1755 1147 τοῖς
1812 1081 1907 1157 μὲν

189 1171 524 1239 Ἰουδαίοις
577 1179 821 1254 συνεχῶς
881 1173 1168 1253 ἐρωτῶσιν,
1241 1196 1262 1229 ι
1315 1174 1442 1232 Εἰπὲ
1482 1175 1619 1249 ἡμῖν
1663 1175 1704 1229 εἰ
1744 1173 1806 1228 σὺ
1855 1171 1910 1254 εἰ

191 1263 226 1318 ὅ
262 1265 562 1344 Χριστὸς,
631 1285 656 1318 ιι
702 1251 809 1322 ⁷οὐκ
881 1251 1219 1338 ἀπεκάλυψεν
1265 1264 1474 1337 ἑαυτὸν,
1508 1267 1575 1329 τῆ
1621 1260 1675 1318 δὲ
1705 1251 1912 1341 γυναικὶ

193 1349 373 1430 λέγει
433 1372 455 1434 ς
519 1351 774 1418 Ἐκείνοις
837 1353 935 1427 μὲν
1021 1350 1169 1408 οῦδὲν
1199 1351 1368 1431 λέγει,
1413 1350 1544 1409 διότι
1578 1352 1672 1408 οῦκ
1699 1351 1786 1407 επὶ
1836 1355 1912 1423 τῷ

203 1445 437 1516 μαθεῖν
510 1441 756 1520 ἠρώτων,
805 1438 924 1496 ἀλλ’
969 1440 1054 1498 ἐπὶ
1096 1447 1173 1516 τῷ
1231 1439 1434 1518 μᾶλλον
1492 1445 1907 1522 συκοφαντῆσαι·

203 1531 402 1608 ταύτῃ
465 1529 547 1605 δὲ,
620 1529 704 1587 διὰ
758 1532 820 1588 τὸ
875 1530 1186 1609 εὐγνώμονα
1217 1535 1389 1604 εἶναι,
1432 1537 1668 1611 φανερῶς
1730 1529 1913 1586 ἑαυτὸν

209 1618 645 1682 ἀποκαλύπτει.
717 1619 815 1680 Καὶ
870 1619 969 1699 γάρ
1042 1618 1093 1685 ἐξ
1138 1618 1314 1688 ἁπλῆς
1373 1619 1596 1698 γνώμης
1664 1619 1750 1675 καὶ
1792 1616 1912 1675 δια-

215 1710 416 1792 νοίας,
475 1712 564 1768 καὶ
631 1712 862 1769 ποθοῦσα
936 1713 1127 1785 μαθεῖν
1179 1711 1241 1766 τὸ
1300 1708 1517 1784 ἀληθὲς,
1567 1708 1767 1788 ἠρώτα,
1826 1711 1913 1765 καὶ

220 1794 414 1864 δῆλον
469 1799 529 1856 ἐκ
586 1806 692 1856 τῶν
753 1800 887 1877 μετὰ
954 1808 1142 1863 ταῦτα,
1203 1801 1302 1857 Καὶ
1354 1799 1453 1878 γὰρ
1502 1799 1795 1878 ἀκούσασα,
1852 1801 1911 1856 οὗ

226 1886 420 1961 μόνον
495 1890 626 1957 αὐτὴ
697 1889 1020 1963 ἐπίστευσεν,
1095 1887 1232 1946 ἀλλὰ
1277 1889 1364 1945 καὶ
1393 1887 1583 1953 ἅλλους
1634 1890 1707 1954 εἰς
1736 1889 1912 1945 πίστιν

228 1974 633 2060 ἐσαγήνευσεν,
723 1980 809 2036 καὶ
891 1981 1170 2058 πανναχοῦ
1255 1980 1288 2047 ἡ
1342 1978 1475 2058 γυνὴ
1531 1979 1766 2059 φαίνεται
1823 1978 1911 2034 καὶ

230 2064 614 2145 ἄκριϐουμένη
671 2070 757 2125 γαὶ
822 2069 1008 2139 πιστή,
1105 2068 1542 2148 Ἀπαρτισθείσης
1616 2066 1670 2123 δὲ
1723 2066 1908 2124 λοιπὸν

234 2152 344 2222 τῆς
431 2158 563 2234 πρὸς
625 2157 724 2226 τὰν
783 2170 1012 2237 γυναῖκα
1089 2156 1299 2232 ὁμιλίας
1383 2158 1471 2213 καὶ
1549 2153 1906 2234 διδασκαλίας,

237 2245 513 2325 εὐκαίρως
569 2246 884 2316 ἀπήντησαν
953 2250 998 2303 οἱ
1059 2248 1316 2320 μαθηταὶ,
1345 2247 1434 2302 καὶ
1491 2245 1779 2322 ἐθαύμαζον
1848 2246 1908 2300 τὸ

242 2329 457 2413 ἄτυφον
540 2339 718 2407 αὐτοῦ,
780 2335 860 2391 ὅτι
921 2335 1086 2402 οὕτως
1119 2336 1192 2392 ὤν
1238 2333 1437 2402 ἔνδοξος
1480 2336 1566 2392 καὶ
1597 2332 1910 2414 περιϐόητος

244 2423 408 2500 παρὰ
476 2429 654 2498 πᾶσιν,
719 2424 966 2504 ἠνείχετο
1015 2426 1150 2501 μετὰ
1213 2425 1477 2493 τοσαύτης
1577 2421 1911 2503 συγκαταϐά-

249 2531 400 2579 σεως
461 2514 666 2592 γυναικὶ
713 2512 1042 2592 διαλέγεσθαι
1125 2520 1354 2594 πενιχρᾷ
1403 2515 1492 2572 καὶ
1549 2511 1910 2594 Σαμαρείτιδι.

252 2603 632 2678 Θαυμάζοντες
686 2601 764 2676 δὲ,
831 2602 977 2680 ὅμως
1036 2607 1094 2663 οὗ
1151 2602 1421 2683 θαρροῦσιν
1467 2603 1764 2683 ἐρωτῆσαι,
1797 2605 1916 2683 περὶ

255 2690 405 2757 τίνος
458 2694 590 2770 αὐτῇ
649 2691 970 2772 διαλέγεται·
1026 2693 1194 2756 οὕτως
1261 2694 1394 2761 ἦσαν
1483 2692 1914 2772 πεπαιδευμένοι,

256 2787 352 2837 καί
429 2782 529 2850 τὴν
627 2787 896 2859 μαθηταῖς
994 2782 1297 2862 πρέπουσαν
1369 2781 1640 2841 εὐλάϐειαν
1701 2783 1916 2861 ἐτήρουν

258 2875 398 2952 πρὸς
453 2877 543 2932 τὸν
601 2873 935 2934 διδάσκαλον.
999 2877 1058 2934 Εἰ
1130 2874 1184 2931 δὲ
1227 2897 1328 2932 που
1361 2877 1449 2932 καὶ
1479 2877 1744 2956 φαίνοιντο
1774 2873 1918 2953 παῤ-

1992 900 2244 982 ducit,ut
2267 906 2490 967 mentio
2519 909 2616 968 ﬁat
2637 906 3090 987 exspectationis
3120 905 3363 969 Christi.
3401 905 3487 968 Ita
3509 906 3634 986 jam

1991 1008 2055 1051 se
2085 990 2435 1072 illidetegit.
2459 996 2639 1076 Cujus
2665 996 2851 1075 gratia
2889 996 3106 1059 Judaeis
3151 995 3390 1076 quidem
3439 995 3636 1060 conti-

1993 1096 2110 1141 nuo
2149 1082 2290 1144 559
2338 1083 2838 1165 interrogantibus
2875 1105 2887 1145 :
2926 1109 2950 1141 ι
2985 1085 3090 1148 Dic
3141 1084 3339 1166 nobis,
3399 1103 3543 1146 num
3575 1092 3634 1146 tu

1996 1188 2058 1230 es
2101 1171 2367 1235 Christus
2403 1175 2480 1246 l9,
2511 1195 2537 1235 )
2574 1194 2691 1235 non
2733 1174 3019 1237 revelavit
3065 1175 3349 1255 seipsum,
3403 1173 3636 1235 mulieri

1996 1267 2192 1322 autem
2218 1261 2393 1325 dicit?
2422 1264 2544 1327 lllis
2574 1264 2814 1345 quidem
2840 1263 2990 1325 nihil
3015 1262 3178 1339 dicit,
3205 1281 3275 1323 eo
3325 1262 3482 1342 quod
3518 1281 3637 1324 non

1993 1348 2434 1430 interrogabant
2481 1354 2744 1416 discendi
2812 1354 3018 1433 gratia,
3075 1357 3179 1414 sed
3238 1351 3637 1413 calumniandi

1995 1439 2192 1500 animo
2219 1460 2233 1504 :
2261 1441 2399 1506 huic
2429 1451 2645 1525 autem,
2683 1443 2821 1522 quia
2851 1442 3117 1504 studiosa
3149 1448 3296 1516 erat,
3325 1439 3637 1503 manifeste

1994 1546 2059 1590 se
2087 1530 2483 1594 revelat.Nam
2513 1533 2668 1614 quod
2699 1532 2958 1614 simplici
2989 1539 3186 1593 mente
3205 1538 3261 1592 et
3285 1530 3638 1609 cogitatione

1995 1617 2383 1701 discendique
2401 1621 2701 1683 desiderio
2733 1619 3437 1700 rogaverit,maniiestum
3461 1638 3529 1680 ex
3546 1619 3637 1680 his

1996 1724 2125 1787 quae
2153 1718 2502 1790 sequuntur.
2533 1709 2679 1772 Nam
2714 1719 2774 1772 ut
2811 1710 3058 1783 audivit,
3108 1727 3230 1771 non
3279 1708 3471 1770 solum
3508 1709 3638 1788 ipsa

1996 1796 2268 1874 credidit,
2303 1799 2408 1860 sed
2441 1801 2616 1860 etiam
2649 1799 2796 1861 alios
2838 1800 2912 1861 ad
2944 1799 3119 1860 (idem
3172 1797 3433 1872 adduxit,
3467 1815 3632 1859 sem-

1994 1904 2218 1967 perque
2245 1897 2493 1968 apparet
2521 1897 2577 1950 et
2609 1889 2821 1965 ﬁdelis,
2859 1897 2917 1949 et
2947 1888 3270 1966 diligenter
3297 1886 3631 1968 inquirens.

1994 1975 2039 2034 A
2053 1975 2288 2038 bsoluto
2303 1985 2496 2038 autem
2513 1978 2807 2059 colloquio
2831 1995 2963 2042 cum
2993 1976 3243 2038 muliere
3260 1995 3326 2038 ac
3341 1975 3631 2050 doctrina,

1994 2066 2335 2144 tempestive
2367 2077 2756 2129 occurrerunt
2785 2067 3084 2147 discipuli,
3121 2074 3178 2128 et
3199 2064 3473 2128 admirati
3496 2072 3638 2126 sunt

1993 2153 2388 2217 humilitatem
2414 2157 2564 2236 ejus,
2590 2157 2744 2236 quod
2777 2177 2908 2219 cum
2956 2165 3068 2217 tam
3128 2155 3421 2236 gloriosus
3452 2162 3632 2231 esset,

1996 2251 2052 2303 et
2079 2243 2233 2323 apud
2259 2263 2468 2306 omnes
2517 2245 2793 2328 celebris,
2848 2266 2963 2307 non
3012 2247 3369 2323 dedignatus
3400 2246 3634 2306 sitcum

1996 2338 2110 2392 tam
2168 2351 2427 2414 paupere
2486 2342 2544 2395 et
2598 2336 2965 2398 Samaritana
3024 2335 3271 2398 muliere
3302 2341 3460 2395 tanta
3499 2351 3638 2395 cum

1998 2422 2286 2486 modestia
2318 2443 2655 2488 sermonem
2692 2427 2934 2490 habere.
2984 2427 3364 2488 Admirantes
3415 2432 3634 2499 autem,

1999 2530 2116 2574 non
2166 2515 2382 2577 audent
2411 2534 2620 2596 rogare
2643 2516 2717 2579 de
2749 2537 2863 2598 quo
2897 2518 3175 2599 loquatur
3206 2513 3442 2597 ei;adeo
3475 2521 3644 2575 erant

2000 2602 2154 2666 bene
2185 2606 2512 2686 compositi,
2535 2617 2838 2670 servantes
2868 2627 3031 2670 suam
3057 2625 3195 2686 erga
3218 2611 3643 2684 praeceptorem

1998 2694 2414 2758 reverentiam.
2449 2695 2612 2768 Quod
2649 2697 2698 2757 si
2734 2697 2953 2760 alicubi
2981 2695 3365 2777 apparuerint
3394 2692 3647 2754 ﬁdenter

2004 2782 2338 2862 loquentes,
2372 2786 2520 2845 sicut
2568 2787 2825 2848 Joannes
2877 2805 3010 2849 cum
3057 2784 3440 2846 recumberet
3465 2798 3646 2860 super

2005 2878 2233 2952 pectus,
2262 2881 2321 2933 et
2345 2891 2477 2934 cum
2497 2875 2856 2938 accederent
2887 2885 2944 2938 et
2966 2873 3236 2935 dicerent
3268 2890 3281 2934 :
3323 2870 3502 2944 «Quis
3524 2887 3644 2929 ma-

262 2961 669 3040 ῥησοαζόμενοι,
741 2964 919 3043 ὥσπερ
979 2963 1230 3032 Ἰωάννης
1290 2965 1444 3032 ἡνίκα
1499 2964 1805 3020 πίπτειέπί
1857 2963 1917 3019 τὸ

2007 2959 2122 3038 ior?
2158 2985 2179 3015 ι
2214 2970 2270 3023 et
2301 2981 2432 3023 cum
2466 2963 2572 3025 ﬁlii
2603 2963 2877 3025 Zebedaai
2909 2963 3294 3024 obsecrat-ent
3323 2969 3388 3021 ut
3417 2974 3570 3019 unus
3611 2974 3646 3018 a

264 3053 488 3129 στῆθος,
563 3055 651 3109 καὶ
699 3054 824 3110 ὃταν
879 3054 1186 3131 προσιόντες
1257 3052 1506 3132 λέγωσιν.
1566 3074 1589 3109 (ι
1645 3052 1732 3115 Τίς
1791 3051 1912 3127 μεί-

2007 3049 2245 3123 dextris,
2280 3059 2337 3112 et
2365 3051 2513 3112 alter
2533 3071 2566 3112 a
2587 3052 2842 3113 sinistris
2865 3052 3145 3114 sederent
3172 3072 3190 3111 :
3216 3050 3316 3111 illa
3339 3047 3647 3127 inquirunt

263 3144 426 3222 Conv;
493 3164 516 3198 ι
581 3144 666 3199 καὶ
725 3141 848 3199 ὅναν
908 3146 954 3199 οἱ
1019 3150 1110 3200 τοῦ
1178 3141 1450 3201 Ζεϐεδαίου
1511 3141 1894 3222 παρακαλῶσιν

265 3188 369 3207 ννν-
409 3190 426 3222 ,
493 3188 514 3198 υ
581 3188 666 3199 mu
727 3188 845 3199 ν--τ
910 3188 954 3199 ν.
1029 3188 1109 3200 η-
1178 3188 1449 3201 κυεην--
1520 3188 1918 3222 ..ηρ-.....η.,-..,

261 3224 360 3284 ἵνα
431 3230 514 3297 εἷς
596 3231 648 3297 ἐξ
706 3232 1012 3297 εὒωνύμων,
1071 3233 1158 3289 καὶ
1188 3233 1271 3297 εἷς
1301 3232 1362 3290 ἐκ
1397 3232 1577 3297 δεξιῶν
1608 3231 1915 3288 καθίσωσιν

596 3231 648 3298 ἐξ
706 3232 1012 3312 εὖωνύμων,
1071 3233 1158 3289 καὶ
1188 3233 1271 3299 εἷς
1301 3232 1362 3290 ἐκ
1397 3232 1577 3298 δεξιῶν
1608 3231 1915 3288 καθίσωσιν*

265 3315 394 3375 ἀλλ’
447 3320 628 3378 ἐκεῖνα
681 3323 754 3385 ὡς
781 3322 852 3386 εἰς
883 3321 1069 3381 αὐτοὺς
1101 3321 1386 3395 ἀνήκοντα,
1448 3325 1534 3379 καὶ
1576 3322 1708 3391 τέως
1752 3321 1921 3399 ἀναγ-

266 3407 413 3467 καῖα
470 3409 650 3478 αὐτοῖς
750 3416 1063 3491 φαινόμενα,
1124 3411 1470 3483 ἐξετάζουσιν,
1529 3410 1782 3470 Ἐνταῦθα
1839 3409 1918 3488 δὲ,

267 3494 391 3556 ἐπεὶ
448 3503 526 3576 μὴ
585 3510 832 3562 τοσοῦτον
916 3502 1101 3566 αὐτοῖς
1172 3499 1374 3583 διέφερε
1426 3504 1486 3560 τὸ
1529 3510 1736 3576 ζητεῖν,
1786 3503 1814 3559 ὃ
1850 3502 1927 3576 μὴ

274 3584 290 3604 ι
630 3593 649 3614 τ
769 3593 789 3611 n
1045 3592 1058 3610 ι
1193 3598 1215 3608 .-
1349 3595 1363 3618 ,
1507 3593 1535 3604 υ
1723 3598 1748 3608 ..
1872 3589 1887 3610 ν

269 3603 571 3668 αναγκαῖον
627 3613 696 3660 ῃ
766 3589 928 3668 ολως,
987 3589 1072 3648 δια
1127 3613 1282 3649 τουτο
1314 3616 1374 3651 ου
1422 3613 1658 3673 χρῶνται
1687 3613 1756 3670 τῃ
1785 3611 1927 3668 παρ-

269 3675 438 3763 ῥτξισία
467 3681 540 3763 ὡς
590 3682 666 3758 μὴ
690 3680 890 3763 ἱχούσῃ
921 3683 1126 3756 καιρόν,

366 3789 394 3825 α
465 3761 698 3854 Ἀφῆκεν
719 3757 819 3827 οὖν
850 3757 948 3839 τὴ)
974 3769 1148 3850 ὐδρίαν
1193 3771 1355 3838 αὸτῆς
1388 3773 1421 3840 ἡ
1447 3771 1579 3850 γυνὴ
1609 3771 1695 3828 καὶ
1743 3769 1925 3839 ἀπῆλ-

273 3857 402 3943 θεν,
436 3861 510 3923 εἰς
568 3861 665 3927 τὴν
698 3859 877 3935 πόλιν,
910 3862 998 3918 καὶ
1028 3859 1172 3940 λέγει
1216 3875 1334 3925 τοῖς
1383 3861 1697 3941 ἀνθρὼποις’
1741 3870 1921 3942 Δεῦτε,

2005 3139 2170 3217 quasi
2201 3138 2274 3200 ad
2305 3157 2369 3200 se
2397 3141 2730 3218 attinentia,
2765 3151 2822 3203 et
2853 3147 2992 3205 tunc
3024 3141 3111 3203 eis
3142 3137 3477 3202 necessaria
3498 3136 3642 3197 visa.

2004 3226 2129 3289 Hoc
2160 3236 2355 3290 autem
2390 3229 2519 3292 loco
2539 3231 2675 3311 quia
2706 3251 2822 3293 non
2854 3250 3042 3310 usque
3070 3230 3219 3293 adeo
3250 3229 3515 3310 ipsorum
3548 3225 3643 3286 in-

2006 3326 2220 3378 tererat
2251 3337 2544 3400 quaerere,
2577 3339 2771 3403 neque
2791 3320 3194 3383 necessarium
3229 3317 3647 3395 omnino,pro-

2007 3413 2210 3487 pterea
2240 3426 2357 3469 non
2384 3415 2628 3471 utuntur
2666 3409 2904 3492 ﬁducia,
2937 3428 3008 3472 eo
3042 3408 3198 3491 quod
3237 3426 3356 3470 non
3391 3404 3650 3468 habeant

2008 3503 2242 3578 tempus
2263 3506 2684 3579 opportunum.

2089 3766 2824 3862 Van§._28-30.cﬂeliquit
2853 3792 2993 3854 ergo
3016 3771 3284 3862 hydriam
3316 3786 3491 3862 suam
3516 3785 3652 3828 mu—

2008 3857 2477 3949 l_i_er,et"abi1Livn
2505 3862 2886 3942 civitatem,et
2916 3865 3057 3926 dicit
3096 3863 3218 3926 illis
3247 3857 3589 3923 hominibus
3633 3875 3648 3916 :

278 3936 426 4006 ἴδετε
496 3947 792 4030 ἄνθρωπον,
853 3952 910 4017 ὃς
962 3936 1115 4008 εἶπέν
1158 3973 1247 4025 μοι
1304 3936 1487 4008 πάντα.
1533 3951 1631 4007 ὅσα
1674 3936 1923 4018 ἐποίησαλ

2010 3947 2246 4029 Venite,
2284 3936 2477 4028 vidEte
2502 3936 2932 4035 hominem'qui
2953 3953 3100 4016 dixit
3128 3951 3274 4013 mihi
3305 3949 3501 4012 omnia
3525 3962 3656 4027 quas

281 4038 418 4109 μήτι
507 4038 659 4104 οὗτός
713 4040 853 4099 ἐστιν
913 4043 940 4098 ὁ
998 4042 1270 4121 Χριστός,
1305 4038 1556 4108 Ἐξῆλθον
1585 4040 1672 4098 οῦν
1729 4041 1790 4097 ὲκ
1831 4041 1924 4108 τῆς

2015 4037 2130 4099 feci
2161 4056 2174 4100 :
2201 4057 2338 4100 num
2373 4040 2469 4101 hic
2507 4049 2596 4101 est
2652 4042 2754 4103 ille
2793 4042 3092 4106 Christus?
3123 4041 3409 4104 Exierunt.
3451 4055 3589 4115 ergo
3623 4053 3656 4096 e

281 4125 521 4210 πόλεως,
579 4131 667 4187 καὶ
710 4130 944 4212 ἤρχοντο
972 4133 1103 4210 πρὸς
1133 4131 1311 4194 αὐτόν.
1354 4153 1376 4188 ο
1416 4137 1674 4188 Τοσοῦτον
1723 4130 1924 4211 ἀνήφθη

2018 4127 2338 4203 civitate,et
2372 4130 2686 4196 veniebant
2715 4134 2786 4195 ad
2823 4150 2983 4195 eum.
3023 4157 3045 4189 ι
3084 4134 3149 4196 In
3191 4137 3412 4192 tantum
3436 4144 3654 4188 accen-

283 4219 388 4286 τὴν
447 4219 658 4296 καρδίαν
714 4224 748 4290 ἡ
806 4221 941 4301 γυνη
1011 4223 1112 4277 ὑπὸ
1161 4223 1265 4276 τῶν
1316 4221 1627 4299 εἰρημένων,
1671 4221 1809 4277 ὥστε
1847 4221 1924 4276 καῖ

2020 4236 2150 4278 sum
2183 4225 2270 4278 est
2296 4237 2398 4280 cor
2429 4221 2690 4284 mulieris
2720 4222 2891 4283 dictis
2921 4220 3342 4295 Dominicis,ut
3360 4224 3418 4279 et
3447 4231 3656 4294 aquam

287 4307 388 4376 τὴν
459 4307 631 4385 ὑδρίαν
687 4310 924 4390 ἀφεῖναι’
985 4310 1150 4375 οὕτως
1210 4309 1307 4388 ἄρα
1349 4308 1566 4389 ταχέως
1611 4309 1924 4386 προετίμησε

2019 4306 2404 4393 relinqueret.
2440 4311 2536 4372 Sic
2560 4311 2738 4390 igitur
2765 4311 2956 4373 statim
2985 4309 3239 4393 praetulit
3268 4325 3478 4387 aquam
3496 4303 3660 4368 Chri-

286 4397 349 4452 τδ
422 4383 558 4478 ὕδωρ
619 4383 998 4479 τοῦ-Χριστοῦ
1065 4401 1163 4465 τῆς
1221 4383 1314 4457 τοῦ
1376 4383 1566 4456 Ἰακὼϐ
1607 4383 1814 4476 πηγῆςλ
1849 4400 1924 4456 καί

2019 4400 2090 4460 sti
2122 4383 2262 4460 fonti
2292 4383 2668 4482 Jacob,et'ﬁt
2703 4383 3268 4483 apostola'ordinata
3305 4383 3339 4459 εἰ
3367 4397 3506 4475 ﬁde,
3532 4412 3663 4474 quae

291 4484 357 4555 δὴ
416 4487 710 4553 ἀπόστολος
769 4490 989 4568 γίνεται,
1062 4490 1162 4544 ὑπὸ
1235 4492 1332 4555 τῆς
1363 4487 1461 4554 τὴν
1515 4485 1728 4566 καρδίαν
1773 4489 1924 4554 αὐτῆς

2020 4505 2122 4548 cor
2143 4489 2270 4568 ejus
2301 4499 2711 4571 occupaverat,
2769 4491 3059 4573 docetque
3095 4496 3154 4552 et
3193 4488 3431 4551 attrahit
3477 4491 3660 4573 totam

295 4576 681 4658 περιλαϐούσης
777 4578 1004 4641 πίστεως
1077 4577 1546 4657 χειροτονηθεῖσα,
1637 4578 1725 4633 καὶ
1783 4576 1938 4634 πόλιν

297 4666 591 4746 ὁλόκληρον
639 4666 894 4740 διδάσκει,
966 4669 1053 4724 καὶ
1122 4666 1420 4748 ἐφέλκεται,
1475 4688 1502 4721 α
1539 4672 1722 4748 Δεῦτε,
1754 4669 1936 4747 φησὶν,

298 4755 437 4848 ἴδετε
488 4756 783 4838 ἄνθρωπον,
842 4757 900 4820 ὅς
967 4757 1087 4814 εἶπέ
1145 4779 1236 4833 μοι
1266 4757 1438 4815 πάντα
1479 4756 1578 4812 ὃσα
1620 4754 1869 4824 ἐποίησα.
1909 4779 1932 4814 ι

299 4844 516 4911 Ὀντως
573 4845 784 4903 ἒπειδὰν
856 4847 1098 4924 ἐπυρώθη
1151 4849 1185 4916 ἡ
1272 4846 1426 4927 ψυχὴ
1460 4845 1583 4925 πυρὶ
1631 4846 1774 4926 θείῳ,
1809 4847 1938 4926 πρὸς

300 4935 440 4994 οῦδὲν
498 4939 604 4994 τῶν
668 4936 722 4992 ἐν
791 4943 861 5016 γῇ
918 4940 1034 5017 ὁρᾷ,
1110 4939 1168 4994 οὐ
1211 4937 1340 5016 πρὸς
1391 4935 1675 5015 αἰσχύνην,
1711 4939 1770 4994 οὗ
1811 4938 1942 5016 πρὸς

301 5025 533 5102 ἀτιμίαν.
598 5024 727 5084 Ἰδοὸ
781 5027 867 5083 οῦν
928 5027 1016 5083 καὶ
1069 5026 1201 5093 αὕτη
1277 5030 1370 5084 οὒκ
1429 5026 1734 5103 αἰσχύνεται
1764 5028 1850 5085 καὶ
1880 5027 1944 5082 τὰ

305 5115 476 5173 οἰκεῖα
533 5114 966 5192 ἑκπομπεύουσα,
1041 5113 1177 5171 ἀλλὰ
1203 5131 1384 5194 φησιν·
1440 5138 1467 5171 α
1529 5107 1637 5177 ΗΟς
1697 5114 1821 5173 εἶπέ
1853 5138 1942 5191 μοι

305 5207 471 5263 πάντα
530 5205 631 5263 ὅσα
699 5204 944 5272 ἐποίησα.
990 5229 1014 5264 ο
1105 5201 1292 5265 Καίτοι
1337 5224 1397 5282 γε
1439 5203 1662 5272 ἠδύνατο
1691 5205 1778 5260 καὶ
1823 5204 1943 5261 ἑτέ-

307 5317 406 5374 ρως
459 5296 652 5351 εἰπεῖν’
719 5300 902 5375 Δεῦτε,
954 5292 1096 5350 ἴδετε
1182 5294 1465 5374 προφήτην
1520 5294 1941 5374 προφητεύοντα·

307 5383 420 5442 ἀλλ’
471 5388 574 5465 οὐχ
619 5381 810 5458 οὕτως,
875 5382 1012 5440 ἀλλὰ
1071 5394 1392 5464 καταφρονεῖ
1412 5387 1511 5450 τῆς
1556 5384 1746 5448 οἰκείας
1789 5381 1942 5452 δόξης

307 5477 390 5533 καὶ
461 5477 589 5554 πρὸς
673 5475 736 5532 τὸ
793 5472 1010 5553 κηρύξαι
1069 5476 1164 5544 τὴν
1223 5472 1471 5546 ἀλήθειαν
1502 5470 1791 5531 ἀποϐλέπει
1835 5474 1944 5552 μό-

380 5634 433 5682 ¹²
460 5635 671 5707 Matth.
703 5651 873 5718 ιινι,
905 5635 1006 5702 63.

2021 4577 2341 4643 civitatem.
2381 4601 2403 4636 ιι
2443 4570 2674 4657 Venite,
2730 4570 3188 4660 inquit,'videte
3221 4595 3356 4639 eum
3388 4574 3488 4656 qui
3522 4570 3667 4633 mihi

2020 4667 2392 4732 dixitomnia
2417 4688 2784 4751 quaecunque
2816 4670 2953 4733 feci.
2982 4692 3009 4730 ι
3064 4668 3334 4732 Profecto
3385 4662 3663 4746 quoniam

2020 4776 2275 4829 accensa
2295 4759 2401 4821 fuit
2429 4761 2629 4821 anima
2651 4760 2850 4822 divino
2873 4759 3102 4840 igni,ad
3130 4757 3276 4820 nihil
3306 4772 3511 4818 eorum
3535 4769 3669 4826 quae

2025 4846 2085 4908 in
2119 4855 2276 4909 terra
2332 4848 2615 4930 respicit:
2651 4869 2770 4910 non
2829 4849 2901 4911 ad
2961 4847 3392 4917 confusionem,
3426 4861 3545 4905 non
3595 4842 3668 4903 ad

2026 4937 2435 5015 ignominiam,
2473 4954 2582 5000 nec
2607 4957 2672 5000 ac
2695 4937 2853 5000 aliud
2877 4937 3205 5020 quippiam.
3227 4936 3385 4999 Ecce
3417 4932 3592 5012 igitur
3609 4940 3672 4992 et

2027 5027 2134 5088 ista
2163 5045 2278 5088 non
2309 5036 2548 5089 veretur
2576 5047 2681 5090 sua
2709 5037 2938 5090 secreta
2961 5027 3246 5110 pandere,
3281 5023 3384 5086 sed
3405 5020 3670 5103 ait,«Qui

2027 5115 2174 5178 dixit
2204 5116 2349 5178 mihi
2380 5118 2578 5178 omnia
2631 5136 2759 5198 qua:
2808 5119 2942 5180 feci.
2979 5143 3001 5176 υ
3056 5116 3333 5189 Quamvis
3371 5122 3570 5196 posset
3615 5119 3674 5172 et

2028 5205 2202 5268 aliter
2227 5205 2462 5268 dicere:
2494 5205 2728 5281 Venite,
2765 5207 2957 5269 videte
3013 5205 3360 5288 prophetam
3417 5201 3672 5284 prophe-

2029 5303 2246 5356 tantem
2283 5316 2296 5356 :
2333 5304 2390 5357 at
2420 5314 2537 5358 non
2570 5295 2678 5357 sic.
2714 5297 3052 5360 Contemnit
3101 5303 3295 5357 autem
3358 5310 3522 5354 suam
3554 5290 3678 5369 glo-

2027 5385 2198 5459 riam,
2227 5392 2283 5446 et
2309 5384 2380 5445 ad
2420 5385 2532 5446 hoc
2563 5385 2755 5447 solum
2803 5391 3025 5466 spectat
3063 5391 3124 5444 ut
3181 5381 3463 5464 praedicet
3518 5379 3675 5440 veri-

2028 5481 2228 5538 tatem.
2255 5471 2383 5536 Non
2413 5473 2557 5538 dicit
2597 5482 2820 5551 autem,
2850 5473 2960 5538 Hic
2981 5481 3070 5537 est
3099 5472 3387 5553 Christus,
3422 5469 3678 5533 afﬁrma-
