4116 6318
299 354 330 417 1
346 353 467 419 245

1008 360 1454 422 ENARRATIO
1497 361 1578 424 IN
1624 353 2129 423 EVANGELIUM
2176 354 2537 422 'JOANNIS.
2580 390 2659 403 -
2702 359 2866 421 CAP.
2915 360 3019 422 IV.

3547 356 3701 419 1246

299 491 547 559 δοθέντες
599 498 754 572 αὐτῇ,
816 494 845 553 6
882 491 961 552 ⁸ἐν
1015 499 1092 569 τῷ
1138 494 1459 574 παραδείσῳ,
1504 496 1532 552 6
1581 494 1666 552 ἐπὶ
1692 501 1783 553 τοῦ
1812 502 1952 570 Νῶε,

2044 489 2237 574 itaque
2259 493 2523 575 Quinque
2554 492 2785 573 legibus
2811 493 3137 572 conjuncta
3158 496 3366 555 natura
3388 499 3447 555 et
3465 498 3687 553 sextam

299 582 337 639 ὁ
388 581 474 639 ἐπὶ
531 589 622 641 τοῦ
689 582 956 663 Ἀϐραὰμ,
1016 585 1045 641 6
1103 583 1187 641 ἐπὶ
1246 591 1341 645 τοῦ
1392 583 1649 658 Μωσέως,
1682 586 1709 641 6
1740 583 1824 641 διὰ
1854 590 1960 641 τῶν

301 677 620 751 προφητῶν,
684 664 742 732 Ὀ
816 680 933 732 Νῶε
981 674 1082 753 γὰρ
1112 674 1247 750 μετὰ
1300 675 1391 731 τὸν
1434 673 1805 751 κατακλυσμὸν
1844 673 1960 732 δια·

296 763 482 840 ταγήν
537 784 654 819 τινα
684 759 913 839 ἐδέξατο,
972 764 1061 819 καὶ
1116 764 1145 819 6
1173 760 1418 843 Ἀϐραὰμ
1460 765 1557 833 τὴν
1599 764 1697 832 τῆς
1741 787 1960 844 περιτο-

304 856 445 927 μῆς.
508 851 720 914 Τούτοις
790 850 881 908 οὖν
950 863 1070 917 τοῖς
1140 851 1296 909 πέντε
1354 853 1537 930 νόμοις
1596 860 1880 932 συζυγεϊσα
1925 856 1960 923 ἡ

302 941 485 1020 φύσις,
558 943 647 997 καὶ
703 942 855 999 ἓκτον
917 938 1243 1021 προσέλαϐεν
1288 939 1501 1021 ὕστερον
1557 942 1615 999 6v
1664 945 1757 1000 οὒκ
1802 944 1961 1025 εἶχεν

302 1028 494 1110 ἄνδρα,
569 1027 683 1089 οὐδὲ
741 1031 995 1110 συνεζύγη
1049 1029 1277 1109 οὐδέπω,
1330 1033 1420 1088 τὸν
1460 1037 1560 1100 τῆς
1591 1038 1791 1099 Καινῆς
1826 1044 1960 1090 Δια-

301 1120 504 1189 θήκης.
566 1121 794 1190 Νοήσειε
822 1118 869 1176 δ’
912 1118 974 1176 ἄν
1000 1142 1079 1184 τις
1110 1119 1261 1177 ἕκτον
1291 1121 1476 1197 νόμον,
1530 1119 1587 1178 ἄν
1646 1120 1800 1201 ἄνδρα
1871 1124 1963 1179 οὐκ

307 1208 471 1285 ιῒψεν
522 1210 558 1277 ἡ
629 1209 805 1289 φύσις,
863 1210 954 1266 τὸν
1007 1210 1103 1277 τῆς
1136 1208 1592 1289 εἱδωλολατρείας.
1638 1218 1831 1268 Τοῦτον
1860 1211 1960 1291 γὰρ

303 1295 375 1364 δὴ
430 1298 522 1354 τὸν
593 1298 755 1379 νόμον
808 1298 903 1355 οὒκ
933 1298 1092 1379 εἶχεν
1121 1299 1181 1356 ἐκ
1212 1306 1343 1357 Θεοῦ
1371 1297 1583 1356 δοθέντα
1626 1300 1760 1369 αἰτῇ
1803 1301 1959 1371 σύζυ-

303 1408 428 1466 γον,
487 1376 610 1444 ἀλλ’
663 1390 734 1453 ὡς
790 1376 1049 1469 μοιχαλὶς
1110 1390 1357 1467 ὶμίγνοτο
1429 1390 1618 1465 τούτῷ,
1656 1391 1748 1446 Διὸ
1796 1392 1883 1446 καὶ
1934 1391 1961 1445 6

304 1478 590 1558 προφήτης
648 1479 800 1558 φησί·
868 1500 896 1533 ιι
936 1479 1031 1536 Καὶ
1062 1478 1366 1559 ἐμοιχῶντο
1395 1477 1450 1535 ἐν
1477 1486 1554 1555 τῷ
1614 1478 1771 1554 ξύλῳ⁶
1813 1501 1836 1537 ι
1872 1481 1960 1537 καὶ

304 1566 494 1623 πάλιν
560 1590 589 1623 α
652 1564 1062 1647 Ἐξεπόρνευσαν
1113 1569 1284 1626 ὃπίσω
1355 1569 1553 1626 παντὸς
1584 1568 1762 1642 ξύλου,
1804 1592 1827 1626 ιι
1875 1568 1959 1626 διὰ

304 1656 376 1712 τὰ
431 1655 639 1735 γλυπτᾶ
695 1653 899 1725 δηλαδὴ
931 1658 1019 1714 καὶ
1047 1658 1110 1714 τὰ
1140 1655 1320 1732 δένδρα
1348 1657 1385 1713 ἅ
1412 1656 1630 1734 ἐτίμων.
1690 1660 1778 1724 Εἷς
1828 1680 1956 1715 τοσ-

2044 583 2332 665 acccepit,
2361 603 2539 665 quam
2573 592 2766 645 tamen
2798 602 2914 645 non
2946 581 3204 645 habebat
3228 580 3695 645 utvirum.Non-

2045 672 2187 733 dum
2222 673 2380 734 enim
2415 671 3153 752 conjungebatmbilegem
3178 669 3324 731 Novi
3354 669 3699 732 Testamen-

2044 761 2111 824 ti.
2142 760 2507 825 Intellexerit
2538 762 2666 823 501
2710 774 2907 823 autem
2941 761 3072 841 quis
3100 778 3211 841 per
3229 767 3449 821 sextam
3472 759 3693 837 legem,

2045 870 2219 932 quam
2248 860 2311 913 ut
2339 852 2528 914 virum
2561 871 2679 915 non
2711 852 2965 914 habebat
2987 850 3423 929 natura,legem
3452 848 3698 910 idolola-

2047 941 2194 1003 trite.
2230 941 2394 1003 Hanc
2427 942 2587 1004 enim
2631 944 2818 1021 iegem
2852 960 2971 1003 non
3004 939 3259 1001 habebat
3290 959 3325 1000 a
3349 938 3471 1000 Deo
3500 937 3692 999 datam

2046 1029 2161 1092 sibi
2195 1032 2648 1112 conjugem,sed
2682 1032 2841 1093 velut
2873 1030 3209 1091 adulterum
3236 1025 3525 1107 jungebat
3557 1027 3691 1088 sibi.

2045 1118 2188 1181 Ideo
2220 1128 2276 1183 et
2306 1121 2595 1201 propheta
2624 1121 2767 1183 dicit
2794 1138 2807 1183 :
2845 1140 2875 1180 ‹
2911 1119 2979 1181 Et
3008 1118 3497 1181 adulterabantur
3526 1116 3587 1177 in
3626 1118 3697 1178 li-

2045 1208 2257 1288 gno“.
2290 1232 2317 1270 ι
2350 1209 2420 1271 Ει
2475 1209 2713 1286 iterum,
2775 1234 2801 1264 α
2835 1208 3139 1272 Fornicati
3197 1214 3327 1286 post
3379 1224 3558 1267 omne
3618 1206 3691 1265 li-

2044 1318 2222 1378 gnum
2249 1298 2322 1369 ίθ,
2361 1320 2389 1358 ι
2425 1311 2667 1381 propter
2716 1298 3019 1377 sculptilia
3076 1296 3308 1359 scilicet
3354 1304 3411 1357 et
3450 1294 3694 1357 arbores

2044 1408 2189 1469 quas
2217 1388 2514 1450 colebant.
2551 1392 2633 1451 Eo
2666 1389 2824 1450 enim
2848 1387 3166 1449 dementiae
3201 1394 3553 1467 pervenerat
3583 1404 3692 1445 na-

2044 1485 2196 1553 tura,
2228 1486 2293 1539 ut
2322 1486 2380 1538 et
2409 1477 2722 1540 arboribus
2756 1478 3021 1559 pulchris
3073 1485 3318 1556 propter
3358 1473 3693 1556 pulchritu—

2044 1566 2245 1629 dinem
2279 1566 2664 1641 sacrificaret,
2699 1566 3023 1647 cyparissis
3074 1564 3370 1637 videlicet,
3404 1572 3463 1624 et
3495 1563 3693 1642 plata-

2046 1656 2161 1736 nis,
2194 1666 2252 1718 et
2278 1655 2848 1729 similibus.Quaudo
2872 1656 3052 1736 igitur
3074 1661 3308 1715 sextum
3342 1651 3508 1713 illum
3527 1652 3695 1713 adul-

305 1753 462 1804 οῦτον
520 1747 619 1826 γὰρ
680 1746 930 1815 ἆνοησίας
1005 1746 1426 1829 ἒξετραχηλίσθη
1503 1752 1538 1818 ἡ
1596 1750 1771 1829 φύσις,
1824 1749 1958 1806 ὥστε

2046 1753 2238 1808 terum
2272 1746 2550 1807 homines
2582 1745 2942 1819 dilexerunt,
2970 1751 3029 1806 et
3059 1742 3120 1805 in
3150 1740 3545 1804 idololatriam
3574 1761 3693 1831 on-

306 1837 399 1893 καὶ
454 1833 680 1914 δένδροις
737 1838 948 1916 ὡραίοις
991 1836 1076 1895 διὰ
1128 1838 1187 1894 τὸ
1241 1836 1438 1902 κάλλος
1494 1840 1652 1918 θύειν,
1707 1861 1961 1918 κυπαρισ-

306 1946 431 1991 σοις
500 1928 589 1983 καὶ
644 1924 960 2001 πλατάνοις,
996 1929 1231 1993 καὶτοῖς
1261 1928 1539 1991 τοιούτοις.
1578 1917 1717 1986 ”Οτε
1789 1917 1959 1985 τοίνυν

304 2017 400 2073 τὸν
458 2014 610 2073 ἕκτον
670 2024 853 2074 τοῦτον
914 2018 1115 2097 μοιχὸν
1156 2017 1185 2071 6
1245 2016 1517 2096 ἅνθρωπος
1586 2016 1813 2097 ἔστερξε,
1875 2020 1959 2074 καὶ

306 2108 384 2170 εἷς
442 2102 874 2184 εἶδωλολατρείας
932 2104 1276 2183 ἒξωλίσθησε,
1321 2108 1442 2163 τότε
1472 2108 1500 2163 6
1548 2107 1734 2186 Κύριος
1794 2106 1957 2164 ἐλθὼν

306 2193 635 2255 ἀπαλλάττει
692 2197 836 2270 ἡμᾶς
894 2195 1114 2264 ταύτης·
1179 2192 1259 2252 διὸ
1287 2195 1376 2252 καί
1404 2212 1594 2277 φησιν’
1627 2220 1650 2250 ιι
1693 2187 1801 2255 "Ov
1873 2204 1960 2254 νῦν

307 2283 485 2366 ἔχεις.
548 2306 572 2343 υ
637 2285 734 2343 Καὶ
802 2285 901 2364 γὰρ
932 2283 1097 2366 ὅντως
1128 2285 1264 2344 κατᾶ
1286 2285 1408 2351 τοὺς
1438 2287 1537 2352 τῆς
1592 2292 1685 2343 τοῦ
1736 2292 1959 2364 Χριστοῦ

308 2365 594 2454 παρουσίας
659 2374 883 2454 χρόνους
928 2376 1000 2437 εἷς
1060 2365 1416 2450 Ἐλληνισμὸν
1470 2375 1560 2431 καὶ
1608 2373 1870 2432 Ἰουδαίων
1914 2377 1960 2432 οἶ

308 2464 599 2544 σοφώτεροι
658 2461 1037 2541 ἐξετράπησαν·
1114 2464 1201 2520 καὶ
1258 2462 1417 2530 δηλοῖ
1446 2466 1480 2532 ἡ
1503 2469 1612 2521 τῶτ
1659 2465 1959 2542 Φαρισαίων

309 2553 539 2633 αἵρεσις,
601 2551 892 2631 εἱμαρμένῃ
923 2553 1009 2609 καὶ
1039 2550 1356 2631 ἀστρολογίᾳ
1411 2552 1749 2617 πιστεύουσα,
1786 2551 1957 2611 ’Ἔστι

305 2640 363 2698 δὶ
411 2649 739 2721 Σαμαρεῖτις
795 2644 882 2699 καὶ
938 2648 1081 2698 πᾶσα
1153 2642 1308 2721 ψυχὴ
1370 2644 1405 2710 ἡ
1434 2656 1557 2709 ταῖς
1587 2642 1741 2699 πέντε
1772 2644 1957 2713 αἰσθή-

307 2754 453 2789 σεσιν
512 2730 718 2811 ἆλόγως
777 2732 1125 2810 ι’)ποζυγεϊσα,
1187 2732 1311 2787 εἶτα
1352 2732 1441 2788 καὶ
1469 2740 1570 2799 τὴν
1601 2734 1718 2812 περὶ
1760 2732 1825 2791 τὰ
1873 2730 1960 2789 δό-

306 2843 490 2902 γματα
541 2820 941 2902 σφαλερώτατα,
1004 2820 1121 2878 οἷόν
1148 2842 1265 2877 τινα
1296 2819 1446 2877 ἕκτον
1478 2824 1673 2901 μοιχὸν
1715 2818 1956 2898 προσλαη

306 2907 539 2987 ϐομένη,
590 2908 657 2978 ἣν
715 2911 742 2965 6
797 2910 1005 2976 Ἰησοῦς
1078 2911 1368 2989 εὐεργετεῖ,
1430 2909 1542 2966 εἴτε
1591 2908 1675 2966 διὰ
1731 2920 1824 2969 τοῦ
1852 2911 1955 2986 βα-

310 2999 631 3075 πτίσματος,
704 2996 816 3056 εἴτε
837 2996 921 3056 διὰ
950 3001 1050 3066 τῆς
1081 2998 1265 3076 πηγῆς
1312 3006 1418 3055 τῶν
1448 2997 1703 3076 δακρὺων.
1739 3001 1839 3057 Καὶ
1894 2999 1959 3057 τὰ

309 3085 505 3168 δάκρυα
535 3088 636 3167 γὰρ
666 3086 827 3168 φρέαρ
855 3094 947 3145 τοῦ
978 3086 1171 3145 Ἰακὼϐ
1230 3086 1290 3145 ἂν
1348 3086 1619 3169 λεγθετεν,
1681 3095 1773 3145 τοῦ
1815 3090 1959 3164 ἡμε-

2043 1834 2491 1912 ciderunt,tunc
2520 1834 2809 1897 Dominus
2840 1833 3087 1896 veniens
3108 1832 3380 1893 liberavit
3402 1848 3508 1891 nos
3536 1829 3607 1891 ab
3627 1851 3695 1892 ea

2042 1922 2182 1986 Ideo
2205 1932 2262 1985 et
2288 1924 2454 1998 dicit,
2490 1948 2515 1979 ιι
2542 1924 2729 1997 Quem
2764 1943 2920 1985 nunc
2954 1921 3159 1984 babes.
3184 1945 3207 1980 ι)
3245 1924 3396 1984 Nam
3432 1919 3693 2000 profecto

2045 2017 2317 2095 tempore
2354 2013 2640 2075 adventus
2670 2012 2811 2076 Jesu
2852 2011 3092 2093 Christi,
3132 2011 3307 2072 etiam
3354 2008 3691 2072 Judaeorum

2044 2101 2442 2183 sapientiores
2490 2103 2546 2162 in
2578 2101 2886 2181 gentilium
2930 2116 3195 2161 errorem
3228 2096 3585 2160 inciderant.
3622 2100 3693 2161 Et

2044 2190 2437 2253 manifestavit
2482 2191 2595 2253 hoc
2634 2192 3075 2254 Pharisaeorum
3108 2187 3378 2263 haeresis,
3414 2205 3544 2268 quae
3574 2187 3689 2248 fato

2045 2288 2103 2342 et
2143 2280 2477 2359 astrologiae
2509 2280 2923 2344 credebat.Est
2968 2286 3028 2339 et
3078 2276 3447 2341 Samaritana
3498 2279 3691 2338 omnis

2044 2368 2405 2450 anima,quae
2426 2368 2703 2431 sensibus
2733 2368 2997 2449 quinque
3027 2366 3443 2448 imprudenter
3464 2364 3593 2445 subj
3604 2384 3693 2427 ec-

2044 2464 2101 2518 ta
2136 2465 2244 2535 est,
2280 2457 2499 2519 deinde
2531 2457 2926 2538 periculosam
2955 2456 3291 2518 doctrinam
3317 2455 3501 2517 veluti
3548 2472 3691 2515 sex-

2046 2554 2166 2608 tum
2192 2547 2510 2629 quemdam
2541 2546 2873 2609 adulterum
2910 2545 3285 2627 suscipit,cui
3305 2544 3478 2608 Jesus
3501 2544 3683 2606 bene-

2042 2637 2202 2711 facit,
2232 2638 2320 2698 vel
2354 2655 2459 2717 per
2485 2655 2594 2718 per
2610 2636 2990 2717 baptismum,
3017 2636 3109 2698 vel
3134 2654 3239 2716 per
3254 2635 3477 2697 fontem
3497 2634 3690 2714 lacry—

2044 2728 2450 2789 marum.Nam
2484 2734 2540 2787 et
2563 2727 2833 2807 lacrymae
2856 2726 2987 2787 l'ous
3014 2724 3195 2788 Jacob
3218 2724 3692 2809 dicuntur,menf

2043 2825 2100 2878 te
2124 2825 2324 2877 nostra
2353 2815 2773 2896 supplantante
2828 2814 3112 2876 malitiam
3143 2836 3155 2875 :
3191 2833 3259 2875 ex
3295 2833 3409 2895 qua
3455 2831 3605 2894 aqua
3637 2821 3691 2871 et

2042 2906 2171 2986 ipsa
2205 2923 2373 2967 mens
2396 2904 2564 2979 bibit,
2600 2916 2659 2966 et
2691 2904 3074 2985 cogitationes
3107 2904 3256 2984 ejus,
3283 2922 3414 2982 quae
3442 2902 3550 2963 ﬁlii
3593 2902 3689 2962 di-

2042 3002 2259 3058 cuntur
2289 3001 2348 3055 et
2378 3011 2617 3075 pecora,
2647 3012 2756 3055 ceu
2788 2993 3159 3055 irrationales
3208 3000 3404 3073 partes
3450 2990 3685 3061 animae,

2045 3084 2132 3145 ira
2164 3088 2225 3146 et
2254 3081 3070 3163 concupiscentiaLacrymaa
3091 3080 3251 3143 enim
3288 3079 3473 3142 menti
3505 3087 3563 3141 et
3585 3100 3688 3140 co-

306 3176 459 3257 τέρου
517 3183 629 3252 νοῦ,
687 3179 780 3235 τοῦ
875 3176 1235 3256 πτερνίζοντος
1311 3178 1410 3246 τὴν
1477 3178 1687 3240 κακίαν.
1748 3176 1839 3244 Ἐξ
1897 3180 1956 3235 οῦ

2044 3172 2425 3254 gitationibus
2456 3178 2514 3233 et
2545 3170 2790 3252 reliquis
2823 3171 2883 3232 in
2916 3169 3293 3249 refrigerium
3326 3169 3497 3231 ﬁunt.

307 3268 494 3337 ῦδατοξ
525 3272 680 3336 αὐτός
709 3292 765 3327 τε
796 3272 823 3328 ὁ
882 3272 1000 3335 νοῦς
1035 3270 1196 3346 πίνει,
1255 3274 1343 3329 καὶ
1403 3274 1451 3330 οἱ
1505 3274 1607 3331 υἱοὶ
1663 3272 1821 3331 αὐτοῦ
1875 3276 1920 3331 οἱ
1979 3271 2249 3350 λογισμοὶ,
2312 3270 2398 3325 καὶ
2447 3268 2509 3323 τὰ
2552 3266 2828 3346 θρέμματα
2859 3269 3039 3342 αὒτοῦ,
3072 3268 3137 3322 τὰ
3180 3264 3349 3344 ἄλογα
3395 3265 3532 3345 μέρη
3593 3267 3692 3330 τῆς

311 3366 523 3442 ψυχῆς,
576 3360 739 3439 θυμὸς
781 3360 868 3417 καὶ
922 3358 1167 3435 ἐπιθυμία
1200 3376 1213 3391 ⁸
1262 3361 1328 3418 τὰ
1396 3363 1495 3441 γὰρ
1539 3360 1735 3442 δάκρυα
1804 3367 1882 3439 τῴ
1937 3366 2012 3438 νῷ
2053 3362 2143 3418 καὶ
2185 3372 2302 3421 τοῖς
2374 3357 2660 3436 λογισμοῖς
2705 3358 2791 3412 καὶ
2848 3369 2963 3421 τοῖς
3023 3355 3233 3421 λοιποῖς
3278 3358 3349 3419 εἷς
3406 3354 3693 3434 ἀναψυχὴν

311 3451 568 3530 γίνονται,

395 3564 419 3601 ι
482 3542 572 3602 Ἐν
622 3540 676 3599 δὲ
732 3549 809 3619 τῷ
866 3541 1059 3619 μεταξὺ
1090 3544 1308 3624 ἠρώτων
1340 3547 1494 3603 αὐτὸν
1525 3547 1573 3603 οἱ
1602 3549 1837 3622 μαθηταὶ
1865 3551 1954 3607 αὒ-

308 3644 423 3708 τοῦ,
483 3631 754 3711 λέγοντεςο
816 3624 1046 3711 Ῥαϐϐεὶ,
1106 3634 1262 3714 φάγε,
1325 3637 1423 3694 Καὶ
1501 3635 1657 3693 εἶπεν
1746 3638 1952 3703 αὐτοῖς.

310 3722 449 3804 Ἐγὼ
504 3723 701 3803 βρῶσιν
756 3720 873 3804 ἔχω
952 3736 1170 3802 φαγεῖν,
1220 3722 1287 3792 ἤν
1374 3726 1530 3800 ὑμεῖς
1598 3727 1694 3784 οὒκ
1748 3725 1949 3787 οἴδατε.

307 3802 547 3889 ’Ἔλεγον
591 3811 679 3869 οὖν
712 3812 759 3869 οἱ
789 3802 1021 3889 μαθηταὶ
1063 3813 1194 3891 πρὸς
1226 3811 1516 3884 ἀλλήλους’
1564 3816 1737 3886 Μήτις
1788 3815 1950 3894 ἤνεγ-

309 3924 396 3959 χεν
466 3901 609 3977 αὒτῷ
666 3914 912 3981 φαγεϊν;
962 3902 1120 3981 Λέγει
1179 3903 1365 3966 αὐτοῖς
1420 3904 1447 3959 6
1510 3894 1735 3972 Ἰησοῦς*
1791 3902 1952 3982 Ἐμὸν

308 3991 496 4071 βρῶμά
569 3990 737 4066 ἔστιν,
794 3994 885 4048 ’ἱνα
914 3993 1053 4049 ποιῶ
1084 3992 1143 4047 τὸ
1173 3991 1382 4068 θέλημα
1412 3995 1504 4050 τοῦ
1545 3992 1858 4070 πέμψαντός
1886 4015 1954 4070 με

310 4082 396 4139 καὶ
442 4079 712 4138 τελειώσω
752 4081 908 4137 αὗτοῦ
937 4082 997 4137 τὸ
1028 4079 1201 4160 ἔργον,
1258 4105 1285 4136 ι
1322 4078 1571 4161 Ἠρώτων
1618 4085 1664 4141 οἱ
1723 4084 1955 4159 μαθηταὶ

311 4172 399 4227 τὸν
471 4170 685 4250 Κύριοι,
736 4168 849 4226 ἀντὶ
904 4179 1018 4242 τοῦ,
1052 4169 1408 4251 παρεκάλουν,
1445 4171 1581 4228 ὥστε
1613 4186 1831 4253 φαγεῖν,
1864 4173 1957 4229 οὒκ

312 4259 371 4316 lx
425 4265 722 4339 προπετοῦς
780 4258 1025 4339 γνώμης,
1050 4258 1171 4315 ἀλλ’
1225 4260 1285 4316 ἐκ
1341 4258 1548 4328 πολλῆς
1582 4260 1955 4343 φιλοστοργίας

314 4348 408 4417 τῆς
467 4349 599 4427 πρὸς
657 4350 747 4404 τὸν
804 4344 1143 4405 διδάσκαλον
1199 4350 1286 4406 καὶ
1342 4350 1442 4429 γὰρ
1504 4347 1730 4409 ἓὸλεπον
1802 4352 1957 4409 αὐτὸν

314 4437 624 4515 κεκμηκότα
693 4438 795 4493 ὑπὸ
844 4436 939 4505 τῆς
988 4435 1288 4517 ὁδοιπορίας
1330 4440 1543 4507 καὶτῆς
1619 4440 1957 4517 ἐπικειμένης

316 4525 533 4609 φλογός.
599 4517 656 4584 ’0
723 4524 777 4582 δὲ
836 4526 1046 4607 Κύριος,
1102 4529 1375 4607 γινώσκων
1435 4527 1513 4586 ὅτι
1545 4532 1579 4599 ἡ
1634 4538 1958 4610 Σαμαρεῖτις

318 4615 498 4693 μέλλει
569 4614 957 4673 ἐπισπάσασθαι
1014 4622 1189 4673 πᾶσαν
1269 4616 1463 4699 σχεδὸν
1520 4619 1620 4675 τὴν
1648 4618 1803 4677 πό)ιν
1834 4622 1962 4699 πρὸς

320 4707 494 4781 αὐτὸν,
564 4707 653 4763 καὶ
708 4704 787 4763 ὅτι
848 4707 1200 4765 πιστεύσωσιν
1283 4710 1426 4784 αὑτῷ
1501 4709 1546 4765 οἱ
1604 4716 1962 4790 Σαμαρεῖται,

325 4818 353 4852 α
428 4786 591 4875 Ἐγὼ,
650 4797 799 4877 φησὶ,
858 4796 1051 4874 βρῶσιν
1110 4795 1226 4878 ἔχω
1281 4809 1496 4877 φαγεῖν,
1542 4819 1565 4856 Ι
1600 4786 1838 4855 τουτέστι
1865 4786 1964 4867 τὴν

322 4886 581 4963 σωτηρίαν
612 4891 718 4942 τῶν
750 4884 1055 4965 ἂνθρώπων’
1129 4886 1264 4944 οὕτω
1292 4888 1391 4966 γὰρ
1447 4888 1644 4955 ταύτης
1701 4888 1960 4968 ἐπιθιμιῖ),

322 4977 393 5039 ὡς
442 4974 606 5038 οὗδεὶς
668 4976 817 5051 ὑμῶν
874 4980 972 5046 τῆς
1032 4977 1285 5043 αἰσθητῆς
1329 4976 1597 5057 βρώσεως.
1645 4977 1854 5045 Ταύτην
1910 4976 1965 5034 δὲ

324 5066 417 5133 τὴν
473 5067 699 5145 βρῶσιν,
735 5064 802 5133 ἣν
858 5063 975 5145 ἔχω
1036 5079 1252 5146 φαγεῖν,
1310 5067 1465 5142 ὑμεῖς
1496 5067 1541 5123 οἱ
1586 5066 1819 5143 μαθηταί
1867 5090 1965 5144 μου

325 5156 410 5211 οὒκ
464 5151 666 5213 οἴδατε.
722 5157 935 5235 Παχετς
987 5156 1085 5233 γὰρ
1139 5155 1286 5220 ὄντες
1317 5154 1421 5231 ἔτι,
1449 5157 1537 5213 καὶ
1582 5168 1659 5233 μη
1689 5155 1965 5233 δυνάμενοι

326 5248 510 5312 νοῆσαι
540 5245 604 5301 τὰ
656 5241 1055 5323 αἰνιγματοῆὡς
1087 5243 1175 5301 ὑπ’
1228 5244 1357 5321 ἐμοῦ
1404 5244 1691 5325 λεγόμενα,
1739 5248 1831 5305 οὒκ
1871 5246 1963 5305 οῗ-

326 5332 442 5392 δατε
501 5331 580 5391 ὅτι
651 5335 847 5415 βρῶσιν
905 5334 1149 5411 ὀνομίζω
1206 5335 1305 5404 τὴν
1336 5341 1443 5393 τῶν
1466 5336 1754 5417 ἀνθρώπων
1780 5359 1963 5405 σωτη-

328 5425 459 5505 ρίαν.
513 5423 613 5484 Καὶ
680 5421 855 5491 ἄλλως
912 5422 989 5481 δέ’
1047 5426 1153 5489 οὐκ
1205 5422 1385 5483 οἴδατε
1441 5426 1639 5496 ταύτην
1665 5435 1765 5498 τὴν
1820 5429 1965 5506 βρῶ-

328 5532 430 5570 σιν·
491 5512 551 5570 οὗ
620 5513 720 5595 γὰρ
812 5514 1125 5597 γινώσκετε,
1184 5512 1263 5572 ὅτι
1350 5517 1686 5576 πιστεύσουσί
1768 5540 1867 5595 μοι
1920 5518 1965 5573 οἱ

404 5672 599 5740 ¹⁵Ιοι·.
634 5690 717 5755 ιιι,
753 5673 811 5739 6.
898 5673 953 5719 ¹⁶
977 5675 1199 5742 Ezocb.
1227 5680 1399 5759 uin,
1426 5679 1529 5743 37.

2118 3540 2302 3606 Vens.
2338 3540 2541 3605 31-34.
2585 3565 2608 3597 ιι
2643 3542 2877 3605 Interea
2911 3538 3195 3620 rogabant
3225 3557 3359 3602 eum
3412 3538 3688 3621 discipuli

2039 3632 2310 3694 dicentes
2342 3653 2355 3695 :
2392 3630 2609 3712 Rabbi,
2646 3631 2917 3693 comede.
2965 3630 3071 3692 Ille
3124 3638 3322 3693 autem
3355 3628 3500 3691 dixit
3548 3630 3634 3690 eis
3673 3650 3685 3691 :

2037 3721 2159 3802 Ego
2186 3721 2388 3783 cibum
2410 3720 2601 3783 habeo
2624 3720 3272 3801 comedendum,quem
3296 3736 3397 3781 vos
3420 3718 3683 3780 nescitis.

2036 3811 2324 3874 Dicebant
2353 3830 2493 3891 ergo
2526 3810 2803 3890 discipuli
2832 3810 2988 3873 inter
3007 3828 3071 3872 se
3106 3830 3119 3870 :
3154 3808 3305 3871 Num
3339 3808 3470 3890 quis
3500 3808 3692 3869 attulit

2038 3901 2095 3963 ei
2125 3901 2281 3982 quod
2316 3899 2549 3962 ederet?
2573 3900 2728 3963 Dicit
2758 3901 2810 3962 ei
2841 3898 3019 3963 Jesus
3056 3920 3069 3963 :
3106 3901 3269 3961 Meus
3298 3899 3466 3959 cibus
3489 3904 3603 3971 est,
3630 3907 3690 3958 ut

2035 3990 2245 4053 faciam
2270 3990 2427 4071 quod
2459 3990 2580 4050 vult
2604 3990 2652 4050 is
2674 3988 2775 4071 qui
2806 3991 2964 4051 misit
2988 3995 3171 4064 me,et
3202 3987 3507 4070 perﬁciam
3541 4005 3689 4068 Opus

2036 4081 2189 4160 ejus.
2222 4104 2245 4139 ιι
2277 4078 2585 4158 Rogabant
2606 4078 2879 4159 discipuli
2905 4077 3367 4158 Dominum,hoc
3389 4074 3687 4149 est,obse-

2037 4168 2278 4231 orabant
2324 4176 2387 4229 ut
2435 4168 2821 4229 comederet:
2887 4186 3004 4228 non
3060 4165 3378 4228 temeraria
3433 4168 3685 4246 quadam

2040 4257 2372 4335 mente,sed
2407 4275 2621 4336 magna
2653 4254 2973 4317 dilectione
3006 4274 3145 4337 erga
3166 4254 3687 4335 magistrum.Ele-

2042 4350 2161 4410 nim
2179 4347 2457 4410 videbant
2474 4347 2667 4426 ipsum
2684 4346 3066 4426 defatigatum
3093 4366 3160 4409 ex
3185 4346 3396 4407 itinere
3409 4354 3467 4406 et
3491 4345 3689 4407 calore

2043 4437 2640 4519 ﬂagranteJlomiuus
2671 4444 2867 4498 autem
2900 4436 3093 4498 sciens
3115 4434 3543 4499 Samaritanam
3566 4434 3691 4495 fere

2048 4537 2227 4592 totam
2263 4526 2557 4590 civitatem
2589 4526 2659 4587 ad
2692 4544 2755 4588 se
2777 4534 3176 4599 evocaturam,
3204 4533 3261 4587 et
3292 4523 3637 4586 Samaritani
3664 4542 3691 4583 s

1988 4592 2027 4642 ο
2047 4618 2105 4681 in
2134 4636 2197 4680 se
2227 4616 2561 4679 credituros
2595 4637 2607 4679 :
2634 4614 2779 4694 Ego,
2803 4615 3015 4697 inquit,
3042 4615 3240 4678 cibum
3265 4614 3455 4676 habeo
3483 4632 3688 4676 comu-

2047 4705 2371 4779 dendum,»
2409 4705 2521 4765 hoc
2552 4710 2665 4779 est,
2690 4703 2939 4766 salutem
2974 4703 3309 4766 hominum:
3330 4721 3503 4785 quam
3528 4712 3688 4763 tanto

2046 4795 2345 4857 desiderio
2362 4792 2820 4875 avebat,quanto
2847 4793 3043 4855 nullus
3063 4801 3330 4855 nostrum
3348 4790 3687 4853 sensibilem

2046 4883 2443 4947 cibum.Hunc
2472 4892 2667 4945 autem
2700 4882 2898 4945 cibum
2923 4902 3100 4965 quem
3126 4882 3315 4945 habeo
3344 4880 3685 4955 comedere,

2052 4993 2154 5037 vos
2200 4974 2478 5054 discipuli
2538 4975 2654 5034 mei
2698 4974 2963 5035 nescitis.
2995 4973 3193 5035 Crassi
3224 4971 3383 5033 enim
3424 4989 3558 5032 cum
3593 4990 3691 5030 vos

2048 5064 2241 5126 adhuc
2266 5066 2481 5144 sitis,et
2509 5062 2845 5141 intelligere
2873 5061 3179 5144 nequeatis
3219 5080 3349 5143 quae
3379 5059 3692 5123 obscurius

2048 5172 2082 5215 a
2114 5172 2207 5214 me
2229 5152 2526 5227 dicuntur,
2556 5153 2797 5214 nescitis
2826 5151 2981 5232 quod
3000 5151 3197 5213 cibum
3220 5150 3472 5212 salutem
3504 5148 3691 5210 homi-

2049 5262 2190 5304 num
2215 5240 2618 5303 nominem.El
2639 5241 3009 5304 aliterzllunc
3032 5239 3227 5301 cibum
3253 5237 3692 5317 nescitis,ignu-

2047 5332 2191 5394 ratis
2210 5332 2368 5395 enim
2400 5330 2556 5413 quod
2576 5330 2931 5393 Samaritani
2956 5329 3241 5393 credituri
3291 5335 3426 5390 sunt
3458 5326 3603 5388 mihi
3636 5336 3693 5388 ct

2048 5422 2449 5486 salvabuntur.
2482 5419 2593 5495 Qui
2638 5421 2816 5502 igitur
2846 5420 3152 5503 discipuli?
3179 5418 3390 5482 Adhuc
3420 5415 3693 5479 dubitant

2050 5531 2190 5577 num
2224 5512 2355 5595 quis
2385 5511 2674 5574 attulisset
2702 5512 2754 5574 ei
2799 5509 2956 5594 quod
2988 5506 3287 5573 comedat.
3316 5505 3446 5569 Non
3495 5516 3688 5569 autem

3107 5645 3149 5681 τ’·
3184 5674 3205 5689 ι
3253 5651 3279 5669 ⁵·
3310 5649 3397 5697 5;;
