4116 6318
193 344 378 437 1249

906 351 1349 415 ENARBATIO
1394 354 1477 416 IN
1522 354 2031 419 EVANGELIUM
2074 354 2411 422 JOANNIS.
2467 393 2537 404 --
2583 358 2747 421 CAP.
2810 360 2890 422 IV

3446 360 3600 425 1?50

187 483 326 560 ὶγὼ
382 480 437 537 δὲ
513 481 653 560 λέγω
682 484 834 559 ὑμῖν,
895 483 974 538 ὅτι
1007 505 1253 561 παρεστιν
1303 486 1329 539 6
1373 488 1562 552 νοητὸς
1593 490 1858 568 θερισμός.

1965 491 2121 552 .ualis
2153 491 2377 554 messis.
2413 491 2552 553 Hac
2574 502 2768 554 autem
2801 493 3036 555 dicebat
3065 503 3307 575 propter
3331 494 3471 556 565
3490 495 3605 557 Sa-

193 579 396 630 Ταῦτα
451 568 506 627 δὲ
564 569 715 650 ἔλεγε
771 570 855 628 διὰ
889 572 1008 637 τοὺς
1055 574 1383 648 Σαμαρείτας
1413 573 1515 643 ἤδη
1561 600 1869 660 προσερχο-

194 660 410 735 μένους
482 662 647 735 αὒτῷ,
708 661 974 739 Ἐπάρατε
1034 664 1122 719 οὖν
1178 663 1300 728 τοὺς
1344 664 1647 743 ὀφθαλμοὺς
1700 671 1864 746 ὃμῶν,

200 750 331 806 εἴτε
396 752 515 813 τοὺς
561 752 807 831 νοητοὺς,
841 750 953 807 εἴτε
983 751 1102 816 τοὺς
1147 754 1450 833 αἰσθητοὺς,
1488 758 1575 813 καὶ
1621 759 1869 816 θεάσασθε

199 841 273 894 τὸ
336 838 539 908 πλῆθος
610 843 713 897 τῶν
771 841 1218 920 προσερχομένων
1249 849 1616 923 Σαμαρειτῶν,
1652 849 1742 905 καὶ
1776 851 1870 913 τὰς

206 929 291 1014 εἷς
359 930 456 997 τὴν
517 931 692 985 πίστιν
736 930 1032 1008 προθύμους
1058 931 1147 988 καὶ
1178 932 1419 1008 ἑτοίμους
1452 937 1631 1014 ψυχὰς
1677 938 1871 1011 αὖτῶν,

207 1013 428 1081 αἵτινες
500 1017 678 1097 ὥσπερ
736 1024 911 1098 χῶραι
969 1017 1319 1095 λευκασμέναι
1365 1013 1568 1082 δέονται
1598 1029 1870 1105 θερισμοῦ,

212 1106 471 1185 Καθάπερ
527 1108 630 1187 γὰρ
691 1110 736 1165 οἱ
794 1108 1049 1188 “ipse,
1084 1107 1209 1165 ὅταν
1251 1108 1626 1185 λευκανθῶσιν,
1676 1114 1876 1191 ἕτοιμοι

212 1195 296 1257 εἷς
358 1198 629 1277 θερισμὸν,
705 1196 842 1255 οὕτω
909 1198 995 1254 καὶ
1052 1198 1191 1255 οὗτοι
1252 1201 1385 1279 πρὸς
1465 1204 1730 1281 σωτηρίαν
1786 1208 1879 1263 εἰσὶ

210 1287 735 1363 παρεσκευασμένοι,
803 1311 828 1342 α
898 1288 994 1344 Καὶ
1023 1290 1050 1344 6
1105 1289 1316 1368 θερίζων
1362 1294 1547 1363 μισθὸν
1590 1292 1875 1368 λαμϐάνει,

214 1374 316 1429 καὶ
394 1376 607 1453 συνάγει
664 1378 866 1455 καρπὸν
923 1380 995 1442 εἷς
1058 1379 1201 1449 ζωὴν
1258 1380 1491 1436 αἰώνιον·
1561 1382 1651 1437 ’ἕνα
1709 1386 1795 1440 καὶ
1853 1388 1879 1441 6

212 1462 456 1541 σπείρων
501 1467 642 1553 ,ὁμοῦ
699 1467 888 1545 χαίρη,
964 1467 1056 1523 καὶ
1109 1469 1136 1523 6
1165 1468 1400 1546 θερίζων,
1443 1491 1465 1525 ι)
1509 1459 1584 1527 υΟ
1616 1469 1669 1526 δὲ
1704 1470 1872 1553 λέγει,

211 1553 463 1610 τοιοῦτόν
495 1551 658 1610 ἐστιν’
717 1564 776 1631 Οι
847 1561 1116 1636 προφῆται
1149 1555 1417 1635 ἔσπειραν,
1452 1556 1572 1614 ἀλλ’
1625 1560 1720 1617 οὒκ
1761 1551 1875 1618 ibi;

214 1661 400 1718 ρισαν,
439 1643 511 1699 Οὖ
581 1644 689 1719 μὴν
759 1643 843 1701 διὰ
898 1653 1051 1702 τοῦτο
1089 1644 1475 1723 ἀπεστέρηνται
1530 1648 1624 1716 τῆς
1658 1647 1874 1725 ἡδονῆς,

1954 582 2294 660 maritanos,
2325 581 2423 663 qui
2456 583 2580 662 jam
2614 582 2933 645 veniebant
2973 582 3045 644 ad
3094 583 3310 664 ipsum.
3342 584 3606 647 Attollite

1957 670 2145 749 igitur
2174 672 2377 733 oculos
2412 673 2763 747 vestros,vel
2787 672 3127 753 spirituales
3148 673 3239 734 vel
3272 673 3611 749 sensibiles,

1954 770 2288 842 etspectate
2312 761 2758 825 multitudinem
2777 761 3282 823 Samaritanorum
3298 773 3376 835 ,et
3392 764 3615 824 animas

1956 850 2222 929 ipsorum
2249 850 2319 911 ad
2356 850 2535 913 ﬁdem
2567 851 2797 913 alacres
2828 858 2884 911 et
2929 858 3253 931 promptas,
3288 870 3417 932 qua
3449 853 3613 932 quasi

1956 940 2231 1016 regiones
2264 939 2435 1020 alba,
2473 959 2619 1021 opus
2650 939 2872 1002 habent
2903 939 3445 1003 messoribus.Nam
3464 942 3615 1001 sicut

1958 1027 2154 1089 arista
2183 1047 2315 1091 cum
2348 1029 2571 1091 fuerint
2593 1029 2743 1091 alba
2773 1038 3015 1111 ,parata
3045 1037 3183 1091 sunt
3226 1029 3296 1091 ad
3334 1048 3609 1108 messem,

1963 1118 2041 1179 ita
2071 1127 2128 1180 et
2158 1118 2247 1179 ha
2272 1118 2343 1180 ad
2374 1120 2623 1181 salutem
2653 1129 2795 1181 sunt
2827 1127 3191 1200 praparata.
3231 1122 3348 1179 (Et
3381 1128 3612 1180 metens

1965 1207 2303 1271 mercedem
2326 1209 2632 1287 accipit,et
2649 1207 2878 1288 colligit
2898 1208 3151 1270 fructum
3168 1208 3226 1269 in
3249 1209 3425 1269 vitam
3447 1218 3614 1269 ater-

1964 1313 2124 1367 nam,
2160 1306 2221 1357 ut
2253 1304 2310 1357 et
2338 1298 2641 1357 seminans
2671 1297 2849 1357 simul
2876 1297 3151 1376 gaudeat,
3180 1306 3237 1359 et
3261 1307 3488 1358 metens
3526 1321 3538 1361 :
3584 1324 3608 1352 κ

1962 1383 2119 1463 quod
2144 1386 2301 1445 hunc
2328 1403 2568 1445 sensum
2597 1384 3128 1466 habet,Propbela
3148 1387 3609 1466 seminaverunt,

1961 1472 2066 1533 sed
2099 1491 2216 1533 non
2256 1480 2657 1546 messuerunt,
2692 1493 2885 1553 neque
2908 1483 3223 1555 propterea
3247 1476 3450 1554 privati
3477 1483 3611 1535 sunt

1961 1560 2281 1640 voluptate,
2314 1562 2418 1622 sed
2452 1562 2761 1623 nobiscum
2796 1563 3071 1624 latantur
3106 1567 3214 1640 (α),
3250 1573 3307 1623 et
3342 1565 3610 1644 quamvis

1961 1651 2271 1713 nobiscum
2304 1670 2422 1712 non
2456 1651 2765 1729 metant,id
2786 1652 2942 1732 quod
2966 1652 3025 1711 in
3048 1652 3433 1714 sensibilibus
3461 1672 3610 1714 mes-

212 1725 365 1784 ἀλλὰ
419 1731 514 1823 σὺν.
569 1734 706 1823 ἡμῖν
763 1734 1058 1814 χαίρουσιν,
1094 1736 1137 1790 εἰ
1180 1738 1267 1792 καὶ
1311 1737 1388 1810 μὴ
1434 1738 1526 1792 σὺν
1569 1740 1711 1812 ἡμῖν
1734 1742 1872 1820 θερί-

1965 1740 2125 1803 sibus
2148 1760 2263 1802 non
2296 1750 2407 1802 est.
2436 1741 2561 1802 Illic
2591 1725 2748 1802 enim
2779 1725 2829 1801 si
2859 1743 3122 1804 evenerit
3151 1741 3304 1823 quod
3329 1742 3477 1802 alius
3506 1761 3605 1803 se-

213 1824 425 1894 ζουσιν,
487 1819 615 1900 ὅπερ
683 1821 736 1879 ἐν
794 1824 913 1889 τοῖς
961 1826 1235 1892 αἰσθητοῖς
1282 1829 1551 1904 θερισμοϊς
1586 1828 1680 1884 οὒκ
1710 1828 1876 1891 ἔστιν.

217 1903 383 1964 Ἐκεῖ
437 1910 537 1989 γὰρ
596 1911 685 1968 ἐὰν
742 1910 919 1990 συμϐῇ
977 1912 1138 1971 ἄλλον
1209 1903 1445 1992 σπεῖραι,
1483 1918 1569 1972 καὶ
1601 1915 1761 1974 ἄλλον
1784 1922 1876 1975 0s-

214 1998 389 2076 ρίσαι,
464 1999 605 2068 λὺπη
665 2005 740 2078 τῷ
800 2006 876 2079 μὴ
946 2006 1217 2083 θερίζοντι,
1291 2004 1381 2063 Ἐν
1411 2005 1464 2062 δὲ
1490 2021 1603 2070 τοῖς
1635 2030 1875 2085 πνευμα-

216 2101 427 2178 τικοῖς,
489 2095 591 2171 οὐχ
664 2093 851 2158 οὕτως’
927 2092 1064 2150 ἀλλὰ
1093 2096 1180 2150 καὶ
1212 2098 1256 2151 οἱ
1302 2098 1569 2175 προφῆται
1601 2101 1876 2178 προκηρύ-

217 2174 433 2253 ξαντες,
501 2183 585 2237 καὶ
641 2181 1075 2261 προμαλαξαντες
1131 2187 1234 2239 τῶν
1296 2174 1586 2264 ἀνθρώπων
1618 2174 1711 2252 τὰς
1742 2174 1877 2266 γνώ-

217 2285 354 2354 μοις,
428 2270 672 2349 χαίρουσι
728 2273 819 2329 σὺν
907 2275 1045 2348 ἡμῖν
1112 2286 1228 2338 τοῖς
1290 2276 1362 2340 εἰς
1422 2276 1684 2354 σωτηρίαν
1755 2278 1876 2342 τοὺς

218 2353 531 2433 ἀνθρώπους
588 2360 924 2440 ἐφελκύσασι,
993 2372 1063 2419 Το
1121 2362 1200 2443 δὲ,
1263 2383 1292 2422 (
1360 2361 1504 2442 Ἐγὼ
1574 2367 1708 2440 ὑμᾶς
1767 2367 1877 2423 ἀπ-

221 2443 440 2504 έστειλα
468 2451 703 2531 θερίζειν,
740 2454 768 2509 ὃ
812 2453 915 2534 οὐχ
944 2456 1100 2529 ὑμεῖς
1122 2455 1500 2530 κεκοπιὰκατε,
1544 2479 1564 2513 s
1610 2455 1693 2513 διὰ
1723 2459 1877 2515 τοῦτό

224 2557 392 2623 ςρησιν
463 2541 490 2594 6
524 2543 731 2621 Κύριος,
791 2542 863 2598 ἵν’
922 2543 1049 2601 ὅταν
1097 2544 1403 2621 ἀποστέλλῃ
1460 2548 1577 2610 τοὺς
1638 2551 1877 2623 μαθητὰς

227 2621 320 2716 hri
366 2626 428 2681 τό
496 2630 765 2713 κήρυγμα,
836 2634 913 2708 μὴ
996 2632 1376 2715 θορυϐηθῶσιν,
1423 2637 1495 2698 ὡς
1556 2621 1879 2716 εἶςπρᾶγμα

223 2714 480 2775 ὶπίπονον
558 2720 1031 2799 ἀποστελλόμενοι.
1122 2728 1192 2783 Τὸ
1264 2714 1367 2804 γὰρ
1457 2714 1874 2809 ἒπιπονώτερον,

226 2805 413 2883 φησὶν,
473 2810 520 2865 οἱ
590 2818 857 2893 προφῆται
889 2811 1214 2888 ἀνεδέξαντο,
1245 2816 1401 2888 ὑμεῖς
1432 2813 1486 2870 δὲ
1530 2816 1614 2873 ἐπὶ
1645 2819 1706 2874 τὸ
1738 2805 1883 2875 ἕ-τοιέι

230 2913 336 2967 μον
389 2896 679 2974 πέμπεσθε.
744 2902 913 2980 Λόγον
962 2901 1016 2959 δὲ
1068 2901 1316 2969 ἀληθινόν
1374 2926 1527 2980 φησι,
1588 2906 1879 2985 παροιμίαν

228 2985 351 3040 τινὰ
416 2994 835 3070 περιφερομένην
905 2994 1046 3073 παρὰ
1093 2998 1171 3066 τῷ
1216 2991 1425 3064 πλήθει,
1474 2993 1552 3073 ξὶτι
1605 3020 1626 3050 ιι
1666 2987 1877 3059 ’Ἄλλος

229 3073 373 3163 ἔστὶν
402 3077 429 3131 ὁ
453 3061 705 3159 σπείρων,
739 3086 826 3138 καὶ
856 3061 1014 3147 ἄλλος
1042 3085 1069 3137 6
1098 3061 1332 3160 θερίζων.
1367 3061 1415 3136 »-
1456 3068 1597 3163 υΟρα
1647 3082 1724 3158 δὲ,
1758 3090 1873 3148 πῶς
1895 3061 1935 3111 C

230 3158 404 3217 πάντα
446 3158 767 3236 δεσποτικῶς
824 3168 966 3247 λέγει
1019 3171 1106 3227 καὶ
1160 3158 1600 3238 Ἵὲξουσιαστικῶςο
1653 3196 1683 3228 ι
1732 3172 1875 3252 Ἐγὼ

230 3246 520 3343 ἀπέστειλα
593 3257 725 3332 δμᾶς
787 3246 1025 3333 θερίζειν.
1084 3282 1112 3315 ι
1194 3258 1557 3318 Ἀκουέτωσιν
1649 3264 1695 3318 οἱ
1758 3246 1874 3343 πέρὶ

236 3339 520 3415 Μαρκίωνα
587 3345 680 3401 τὸν
748 3349 1063 3427 κατάρατον,
1138 3351 1226 3405 καὶ
1287 3349 1547 3420 Μάνεντα,
1610 3353 1698 3407 καὶ
1752 3339 1873 3417 τοῦς

234 3428 527 3520 τοιούτους,
602 3434 657 3490 οἵ
713 3437 812 3504 τὴν
868 3437 1104 3495 Παλαιὰν
1164 3440 1433 3509 Διαθήκην
1467 3438 1875 3520 ἀπαλλοτριοῦσι

232 3520 335 3609 τῆς
392 3518 551 3609 θέας’
579 3523 855 3583 κάντεῦθεν
910 3528 1010 3607 γὰρ
1063 3526 1402 3607 ἐλέγχονται.
1437 3530 1496 3585 Εἰ
1541 3531 1640 3609 γὰρ
1709 3518 1878 3589 ἀλλο-

236 3605 353 3681 τρία
410 3605 476 3675 ἧν
526 3611 559 3678 ἡ
606 3612 837 3697 ῌαλαιὰ,
880 3605 997 3681 πῶς
1028 3619 1073 3673 οἱ
1104 3605 1394 3675 ἀπόστολοι
1428 3605 1659 3697 ἐθέρισαν
1688 3621 1754 3676 τὶι
1774 3622 1880 3677 τῶν

236 3704 525 3775 προφητῶν
560 3719 576 3781 ς
643 3692 832 3761 "Date-
864 3705 979 3763 ἐπεὶ
1008 3707 1074 3763 τὰ
1116 3711 1213 3773 τῆς
1250 3704 1487 3773 Παλαιᾶς
1510 3692 1563 3763 ὀἱ
1598 3707 1883 3767 ἀπόστολοι

232 3782 496 3878 ξθέρμισαν,
540 3792 635 3848 οὐκ
664 3790 915 3874 ἀλλοτρία
983 3797 1082 3862 τῆς
1116 3799 1315 3861 Καινῆς
1371 3799 1639 3864 Διαθηκης
1685 3799 1884 3878 εκείνη,

236 3870 362 3967 ἀλλ’
390 3875 680 3959 ἀμφότεραι
723 3870 841 3959 μίας
877 3881 1241 3941 Ἀκουέτωσαν
1270 3885 1359 3942 καὶ
1404 3888 1452 3941 οἱ
1482 3887 1599 3965 περὶ
1657 3870 1889 3967 ’Ἀρειον

237 3961 371 4026 πῶς·
410 3967 485 4028 ὡς
555 3970 740 4047 Κύριος
809 3974 897 4029 καὶ
962 3970 1297 4040 ἔξουσιαστῆς
1324 3972 1525 4049 πέμπει
1553 3961 1676 4038 τοὺς
1706 3961 1887 4051 μαθη-

239 4051 360 4114 τάς⁹
417 4054 617 4131 πέμπει
675 4059 754 4141 δὲ,
812 4061 905 4117 ἵνα
978 4062 1085 4118 ἀπὸ
1116 4064 1222 4117 τῶν
1253 4062 1462 4139 γηΐνων
1489 4064 1754 4141 θερίσωσι,
1800 4066 1886 4121 καὶ

241 4139 500 4218 εκτέμωσι
564 4149 684 4212 τοὺς
743 4172 935 4222 προστε
966 4150 1199 4219 τηκότας
1236 4154 1417 4217 αὐτοῖς
1468 4154 1554 4208 καὶ
1603 4134 1885 4221 ’Έλληνας

242 4230 326 4285 καὶ
410 4229 711 4311 Ἰουδαίους,
780 4241 866 4295 καὶ
941 4242 1014 4303 εἰς
1084 4240 1183 4295 τὴν
1215 4237 1326 4295 ἂλω
1352 4239 1747 4315 ἀποκομίζωσιν
1781 4242 1881 4298 αὖ-

1966 1830 2168 1903 minat,
2198 1840 2255 1893 et
2287 1830 2436 1891 alius
2474 1830 2665 1906 metit,
2701 1828 2941 1892 tristitia
2971 1839 3061 1894 est
3091 1849 3209 1892 non
3246 1833 3513 1894 metenti.
3544 1830 3608 1893 In

1961 1919 2368 2000 spiritualibus
2391 1928 2585 1981 autem
2619 1938 2738 1982 non
2772 1920 2995 1989 sic,sed
3028 1929 3086 1981 et
3109 1921 3411 2000 propheta
3434 1927 3609 1984 antea

1962 2010 2451 2091 pradicaverunt,
2490 2017 2551 2072 et
2568 2009 3402 2090 pramolliverunthominum
3438 2029 3606 2072 men-

1963 2100 2244 2174 tes,unde
2272 2098 2577 2160 vobiscum
2605 2098 2886 2178 gaudent,
2924 2098 3023 2178 qui
3055 2097 3326 2160 homines
3352 2100 3424 2160 ad
3455 2100 3609 2161 salu-

1957 2195 2076 2248 tem
2100 2186 2329 2267 capitis.
2371 2212 2394 2242 ‹‹
2421 2186 2542 2265 Ego
2575 2205 2675 2248 vos
2702 2196 2899 2248 autem
2935 2185 3071 2247 misi
3094 2193 3157 2247 ut
3188 2187 3420 2247 metatis
3449 2186 3605 2267 quod

1958 2295 2059 2339 vos
2081 2296 2198 2337 non
2231 2277 2597 2351 elaborastis,
2628 2298 2653 2336 ι
2685 2285 2997 2357 propterea
3026 2275 3171 2337 dicit
3186 2276 3495 2347 Dominus,
3529 2295 3604 2338 ne

1959 2366 2234 2446 discipuli
2267 2366 2339 2427 ad
2375 2365 2858 2445 pradicationem
2895 2365 3060 2426 missi
3097 2364 3409 2426 turbentur
3435 2368 3601 2445 quasi

1959 2454 2030 2516 ad
2066 2474 2188 2516 rem
2216 2455 2515 2517 difﬁcilem
2549 2477 2561 2512 :
2592 2473 2725 2516 nam
2745 2455 2899 2535 quod
2933 2472 3250 2517 onerosum
3283 2465 3430 2533 erat,
3461 2473 3601 2535 pro-

1961 2545 2151 2624 pheta
2173 2553 2686 2624 susceperant;vos
2702 2553 2899 2606 autem
2924 2544 2985 2605 in
3002 2553 3324 2625 praparata
3346 2544 3602 2606 mittimi-

1962 2632 2127 2700 ni.At
2148 2653 2485 2695 sermonem
2507 2652 2707 2696 verum
2727 2634 3277 2714 dicit,proverbium
3293 2635 3460 2712 vulgo
3475 2635 3604 2713 jac-

1960 2724 2386 2786 tatumzccAlius
2415 2732 2503 2784 est
2536 2724 2635 2803 qui
2655 2725 3001 2803 seminat,et
3028 2723 3180 2784 alius
3209 2725 3306 2804 qui
3341 2725 3529 2786 metit.
3568 2747 3595 2780 ι

1960 2809 2215 2874 Observa
2230 2820 2426 2874 autem
2446 2811 2743 2891 quomodo
2765 2831 2858 2874 om
2870 2813 3042 2873 niaex
3061 2813 3408 2874 auctoritate
3425 2822 3481 2874 et
3497 2814 3602 2874 do-

1964 2900 2145 2961 minio
2176 2900 2397 2961 indicet
2438 2898 2582 2978 aEgo
2614 2900 2763 2961 mihi
2786 2918 2885 2960 vos
2913 2900 2983 2961 ad
3008 2905 3599 2963 mentenduin.»Au-

1961 2990 2124 3051 diant
2155 2988 2449 3051 maledicti
2470 2990 2834 3052 Marcionita
2856 2997 2913 3050 et
2936 2988 3332 3061 Manichai,et
3348 2990 3598 3066 similes,

1961 3079 2060 3158 qui
2081 3076 2261 3141 Vetus
2292 3076 2740 3139 Testamentum
2764 3096 2798 3139 a
2825 3076 2985 3139 Novo
3014 3077 3516 3139 abalienantzuam
3541 3086 3602 3141 et

1960 3166 2292 3228 debocloco
2310 3166 2767 3245 redarguuntur.
2790 3164 3023 3227 Etenim
3042 3165 3092 3227 si
3107 3165 3367 3227 alienum
3385 3166 3595 3228 fuisset

1961 3254 2467 3335 Vetus,quomodo
2489 3254 2740 3335 apostoli
2766 3255 3157 3317 messuissent
3185 3272 3255 3316 ea
3274 3273 3401 3334 qua
3420 3275 3453 3317 a
3469 3274 3599 3335 pro-

1960 3344 2153 3424 phetis
2175 3344 2673 3408 seminata?Unde
2694 3342 2839 3423 quia
2858 3344 3111 3425 apostoli
3141 3351 3515 3405 messuerunt
3531 3363 3601 3405 ea

1961 3451 2091 3513 qua
2114 3433 2175 3496 in
2207 3430 2557 3507 Veteri,non
2583 3432 2844 3495 alienum
2879 3441 2968 3494 est
2993 3433 3184 3512 ipsum
3216 3450 3250 3493 a
3280 3433 3444 3494 Novo
3459 3434 3599 3495 Tes-

1967 3522 2294 3592 mento,sed
2320 3531 2566 3603 utraque
2597 3541 2780 3584 unum
2814 3530 2971 3583 sunt.
3004 3521 3264 3586 Audiant
3295 3530 3351 3582 et
3375 3521 3605 3593 Ariani,

1966 3611 2262 3688 quomodo
2290 3620 2564 3692 tauquam
2596 3611 2886 3673 Dominus
2917 3619 2976 3674 et
3006 3617 3355 3692 potestatem
3391 3610 3617 3672 habens

1974 3700 2162 3762 mittat
2184 3700 2533 3781 discipulos.
2567 3700 2741 3764 Mittit
2762 3708 2960 3763 autem
2994 3707 3057 3762 ut
3099 3699 3174 3762 de
3202 3700 3458 3761 terrenis
3490 3718 3618 3760 me-

1974 3796 2095 3850 tant
2126 3799 2183 3851 et
2201 3799 2475 3851 exsecent
2499 3808 2601 3852 eos
2648 3790 2749 3871 qui
2797 3789 3054 3852 terrenis
3078 3788 3240 3851 affixi
3272 3797 3463 3860 erant,
3502 3799 3614 3849 tam

1970 3879 2222 3956 gentiles
2252 3897 2426 3960 quam
2452 3878 2707 3953 Judaos,
2732 3878 3281 3959 invehantqueillos
3309 3878 3369 3937 in
3389 3895 3613 3951 aream,

1976 3967 2299 4029 Ecclesiam
2332 3968 2489 4042 dico,
2522 3968 2582 4028 in
2606 3987 2722 4047 qua
2751 3967 3179 4030 conculcentur
3206 3984 3240 4027 a
3263 3965 3475 4038 bobus,
3510 3966 3619 4027 hoc

1972 4065 2059 4117 est
2091 4056 2462 4137 doctoribus;
2489 4065 2547 4117 et
2566 4057 2807 4135 jaceant
2834 4056 2944 4117 sub
2988 4055 3107 4117 illis
3144 4074 3212 4117 ac
3242 4055 3617 4134 triturentur,

1969 4163 2101 4205 cum
2135 4162 2347 4206 omnes
2369 4144 2588 4224 paleas,
2622 4152 2680 4204 et
2711 4143 2864 4222 ignis
2896 4144 3185 4220 fomitem,
3232 4152 3289 4203 et
3335 4142 3622 4223 quidquid

1966 4253 2247 4297 carneum
2279 4242 2393 4315 est,
2422 4232 2836 4311 abjecerint,et
2862 4231 2999 4294 facti
3031 4251 3176 4311 pura
3207 4249 3389 4310 grana
3410 4230 3469 4291 in
3501 4248 3624 4293 cae-

242 4317 383 4407 τοὺς,
456 4322 557 4389 τὴν
615 4323 935 4394 Ἐκκλησίαν
1014 4327 1179 4407 λέγω·
1216 4328 1277 4384 ἐκ
1304 4330 1341 4404 ᾗ
1371 4327 1648 4407 γενόμενοι
1678 4328 1769 4386 διὰ
1796 4342 1881 4391 τοῦ

1974 4325 2137 4386 lestis
2163 4341 2320 4405 penu
2351 4329 2739 4403 reponantur,
2772 4339 2841 4382 ac
2870 4320 3089 4383 deinde
3111 4320 3279 4383 cibus
3317 4322 3460 4381 fiant
3489 4318 3620 4398 Dei,

244 4403 484 4466 ἀλουσθοι
513 4413 656 4491 παρὰ
685 4420 791 4471 τῶν
840 4418 1005 4494 βοῶν,
1046 4416 1285 4475 τουτέστι
1358 4418 1463 4474 τῶν
1533 4415 1884 4495 διδασκάλων,

243 4495 327 4587 καὶ
375 4498 685 4559 ὑποκεῖσθαι
745 4506 955 4583 αὐτοῖς,
1013 4504 1302 4586 τρίϐονται,
1359 4509 1447 4564 καὶ
1496 4512 1601 4563 πᾶν
1630 4508 1886 4587 ἀσχυρῶ-

244 4580 347 4675 δας,
417 4590 505 4644 καὶ
563 4596 837 4674 σαρκικὸν,
870 4580 955 4653 καί
996 4580 1088 4655 τοῦ
1117 4580 1622 4675 πρὸςήὺπέγκαυμα
1651 4580 1888 4654 ἀποϐαλ-

244 4672 477 4753 λόμενοι,
529 4684 745 4762 καθαροὶ
803 4672 986 4743 κόκκοι
1029 4692 1098 4763 τῇ
1154 4672 1376 4764 οίὶρανίῳ
1424 4672 1431 4674 ἡ
1480 4685 1726 4763 ἀποθήκη
1796 4686 1883 4743 ἒν·-

245 4765 597 4850 αποτίθενται,
670 4776 790 4830 εἶτα
850 4776 937 4832 καὶ
992 4776 1180 4853 βρῶμα
1236 4776 1467 4853 γίνονται
1514 4781 1607 4830 τοῦ
1653 4774 1784 4831 Θεοῦ
1824 4775 1890 4852 τῇ

244 4855 475 4945 fin-tripl;
527 4861 727 4917 τούτων
806 4863 1298 4945 ἐνευφραίνομένου.
1365 4864 1543 4927 Οὕτως
1602 4866 1629 4920 6
1685 4863 1887 4931 Παῦλος

1974 4414 2069 4495 qui
2101 4412 2316 4491 gaudet
2339 4414 2396 4472 in
2429 4411 2616 4473 salute
2647 4428 2880 4474 eorum.
2912 4409 2998 4472 Ita
3033 4410 3249 4472 Paulus
3281 4410 3553 4488 messuit,
3586 4428 3619 4469 ει

1976 4514 2133 4566 terra
2170 4519 2473 4580 resecans,
2509 4508 2567 4561 et
2608 4498 2829 4561 docens
2876 4518 2985 4561 nos
3032 4499 3197 4580 quod
3225 4498 3623 4577 municipatus

1976 4600 2178 4654 noster
2217 4591 2279 4653 in
2328 4589 2493 4652 calis
2521 4590 2601 4651 sit
2621 4588 2704 4652 ἢ).
2737 4588 3101 4651 Cavillantur
3148 4596 3342 4649 autem
3380 4588 3619 4667 quidam

1976 4683 2087 4743 hoc
2108 4681 2265 4742 dicto
2297 4679 2497 4761 lepide
2527 4696 2725 4760 senes,
2758 4677 2945 4740 videri
2971 4678 3244 4758 regiones
3286 4677 3441 4757 quod
3472 4677 3623 4737 alba

1973 4771 2091 4833 sint
2116 4770 2189 4831 ad
2221 4776 2758 4849 messem,propter
2785 4785 2967 4829 canos
2987 4768 3241 4841 scilicet,
3278 4780 3339 4826 et
3364 4782 3616 4825 messem

1974 4860 2202 4922 mortis.

244 4939 440 5033 ἐθέριζε
470 4952 570 5015 τῆς
605 4957 709 5029 γῆς
740 4939 1079 5030 ἀποτέμνων,
1111 4939 1199 5011 καὶ
1230 4951 1491 5010 διδάσκων
1518 4955 1687 5033 ἡμᾶς,
1744 4954 1824 5011 ὅτι
1874 4956 1934 5011 τὸ
1964 4950 2255 5026 πολίτευμα
2284 4950 2441 5025 ἡμῶν
2470 4949 2525 5004 ἐν
2558 4949 2802 5027 οὐρανοῖς
2834 4947 3087 5026 ὑπάρχει.
3116 4950 3356 5026 Χρῶνται
3388 4944 3441 5001 δέ
3484 4964 3625 5008 τινες

242 5033 327 5089 καὶ
356 5032 441 5093 ἐπὶ
468 5044 575 5095 τῶν
605 5044 866 5121 γερόντων
899 5044 1193 5124 χαριέντως
1223 5051 1325 5125 τῷ,
1361 5067 1389 5098 ιι
1448 5041 1714 5100 Θεάσασθε
1767 5045 1859 5109 τὰς
1917 5045 2127 5124 χώρας,
2178 5041 2259 5097 ὅτι
2307 5039 2486 5096 λευκαί
2517 5040 2616 5094 εἱσι
2644 5040 2776 5117 πρὸς
2806 5039 3078 5117 θερισμὸν,
3117 5062 3144 5091 ι)
3181 5035 3263 5092 διὰ
3293 5038 3385 5101 τὰς
3434 5035 3624 5102 πολιὰς

241 5119 466 5197 δηλαδὴ,
501 5130 588 5186 καὶ
630 5119 721 5187 τὸν
750 5134 844 5188 τοῦ
860 5119 1086 5189 θανάτου
1112 5119 1381 5213 θερισμδν.

329 5236 349 5269 ι
420 5214 514 5273 Ἐκ
538 5216 594 5275 δὲ
637 5225 736 5288 τῆς
765 5222 976 5287 πόλεως
1009 5222 1216 5292 ἐκείνης
1247 5221 1435 5280 πολλοί
1466 5222 1776 5280 ἐπίστευσαν
1808 5225 1879 5287 εἰς

2046 5218 2451 5283 VERS.39-42;
2488 5215 2607 5276 «Ex
2631 5214 2867 5277 civitate
2885 5222 3081 5276 autem
3105 5212 3205 5275 illa
3230 5214 3399 5276 multi
3416 5211 3624 5274 Sama-

246 5298 396 5355 αὐτὸν
466 5310 572 5364 τῶν
633 5313 980 5388 Σαμαρειτῶν
1044 5307 1129 5368 διὰ
1170 5312 1261 5367 τὸν
1291 5309 1453 5389 λόγον
1494 5312 1593 5378 τῆς
1637 5313 1881 5388 γυνιικὸς

1965 5310 2297 5372 ritanorum
2333 5305 2718 5370 crediderunt
2745 5304 2807 5364 in
2840 5321 2976 5365 eum
3014 5312 3258 5384 propter
3279 5319 3620 5365 sermonem

247 5394 628 5477 μαρτυρούσης,
663 5395 743 5454 ὅτι
776 5398 916 5456 Εἷπέ
947 5421 1035 5475 μοι
1070 5401 1240 5458 πάντα
1262 5398 1362 5457 ὅσα
1390 5400 1639 5467 ἐποίησα.
1672 5391 1763 5463 ιεὶς
1795 5399 1881 5455 οὗν

1967 5399 2234 5460 mulieris
2259 5394 2624 5460 testiﬁcantis
2645 5390 2802 5475 quod
2826 5391 3069 5453 dixisset
3090 5392 3203 5455 sibi
3230 5392 3429 5454 omnia
3454 5408 3621 5472 qua-

324 5558 384 5615 ²ο
412 5559 669 5647 Philipp.
696 5581 786 5649 In,
821 5569 924 5631 20.

323 5705 403 5775 ta)
428 5699 586 5765 Edit.
620 5701 750 5766 Lut.
799 5720 919 5767 non
952 5700 1160 5785 habet,
1188 5703 1297 5766 sed
1328 5705 1637 5768 nobiscum
1666 5703 1971 5767 laetantur.
