  <div class='ocr_page' id='page_1' title='image "/cluster/home/n/w/nwhite01/storage/ocr_20150623/123/mdp.39015009359079/633.png"; bbox 0 0 4116 6318; ppageno 0'>
   <div class='ocr_carea' id='block_1_1' title="bbox 545 339 694 404">
    <p class='ocr_par' dir='ltr' id='par_1_1' title="bbox 545 339 694 404">
     <span class='ocr_line' id='line_1_1' title="bbox 545 339 694 404; baseline -0.007 0"><span class='ocrx_word' id='word_1_1' title='bbox 545 339 694 404; x_wconf 78' lang='lat'><strong>125.1</strong></span> 
     </span>
    </p>
   </div>
   <div class='ocr_carea' id='block_1_2' title="bbox 1512 331 2950 426">
    <p class='ocr_par' dir='ltr' id='par_1_2' title="bbox 1512 331 2950 426">
     <span class='ocr_line' id='line_1_2' title="bbox 1512 331 2950 426; baseline -0.003 -26"><span class='ocrx_word' id='word_1_2' title='bbox 1512 334 2104 402; x_wconf 85' lang='lat' dir='ltr'><strong>THEOPHYLACTI</strong></span> <span class='ocrx_word' id='word_1_3' title='bbox 2149 332 2555 396; x_wconf 71' lang='lat' dir='ltr'><strong>BULGARIAE</strong></span> <span class='ocrx_word' id='word_1_4' title='bbox 2596 331 2950 426; x_wconf 81' lang='lat' dir='ltr'><strong>ARCHIEP.</strong></span> 
     </span>
    </p>
   </div>
   <div class='ocr_carea' id='block_1_3' title="bbox 3849 330 4024 394">
    <p class='ocr_par' dir='ltr' id='par_1_3' title="bbox 3849 330 4024 394">
     <span class='ocr_line' id='line_1_3' title="bbox 3849 330 4024 394; baseline 0.006 -1"><span class='ocrx_word' id='word_1_5' title='bbox 3849 331 3880 393; x_wconf 85' lang='grc' dir='ltr'><strong>ι</strong></span> <span class='ocrx_word' id='word_1_6' title='bbox 3901 330 4024 394; x_wconf 71' lang='grc' dir='ltr'><strong>25Ξ⁴</strong></span> 
     </span>
    </p>
   </div>
   <div class='ocr_carea' id='block_1_4' title="bbox 534 470 2175 557">
    <p class='ocr_par' dir='ltr' id='par_1_4' title="bbox 534 470 2175 557">
     <span class='ocr_line' id='line_1_4' title="bbox 534 470 2175 557; baseline -0.005 -19"><span class='ocrx_word' id='word_1_7' title='bbox 534 495 770 557; x_wconf 87' lang='lat' dir='ltr'><strong>cunque</strong></span> <span class='ocrx_word' id='word_1_8' title='bbox 794 475 1209 537; x_wconf 81' lang='lat' dir='ltr'><strong>fecisset.Cum</strong></span> <span class='ocrx_word' id='word_1_9' title='bbox 1235 476 1534 536; x_wconf 90' lang='lat' dir='ltr'><strong>venissent</strong></span> <span class='ocrx_word' id='word_1_10' title='bbox 1551 493 1690 553; x_wconf 84' lang='lat' dir='ltr'><strong>ergo</strong></span> <span class='ocrx_word' id='word_1_11' title='bbox 1715 473 1787 534; x_wconf 91' lang='lat' dir='ltr'><strong>ad</strong></span> <span class='ocrx_word' id='word_1_12' title='bbox 1807 472 1972 533; x_wconf 91' lang='lat' dir='ltr'><strong>illum</strong></span> <span class='ocrx_word' id='word_1_13' title='bbox 1993 470 2175 533; x_wconf 30' lang='lat' dir='ltr'><strong>Sama&#39;</strong></span> 
     </span>
    </p>
   </div>
   <div class='ocr_carea' id='block_1_5' title="bbox 2263 470 4018 557">
    <p class='ocr_par' dir='ltr' id='par_1_5' title="bbox 2274 470 4018 550">
     <span class='ocr_line' id='line_1_5' title="bbox 2274 470 4018 550; baseline -0.001 -24"><span class='ocrx_word' id='word_1_14' title='bbox 2274 470 2434 537; x_wconf 68' lang='grc' dir='ltr'>ἦλθον</span> <span class='ocrx_word' id='word_1_15' title='bbox 2490 474 2619 549; x_wconf 75' lang='grc' dir='ltr'>πρὸς</span> <span class='ocrx_word' id='word_1_16' title='bbox 2679 474 2834 531; x_wconf 70' lang='grc' dir='ltr'>αὐτὸν</span> <span class='ocrx_word' id='word_1_17' title='bbox 2891 474 2939 528; x_wconf 81' lang='grc' dir='ltr'><strong>οἱ</strong></span> <span class='ocrx_word' id='word_1_18' title='bbox 2993 479 3347 550; x_wconf 77' lang='grc' dir='ltr'><strong>Σαμαρεῖται,</strong></span> <span class='ocrx_word' id='word_1_19' title='bbox 3373 471 3605 550; x_wconf 79' lang='grc' dir='ltr'><strong>ἠρώτων</strong></span> <span class='ocrx_word' id='word_1_20' title='bbox 3661 472 3882 529; x_wconf 66' lang='grc' dir='ltr'>αὺτὸν</span> <span class='ocrx_word' id='word_1_21' title='bbox 3916 486 4018 544; x_wconf 69' lang='grc' dir='ltr'><strong>μεῖ</strong></span> 
     </span>
    </p>
   </div>
   <div class='ocr_carea' id='block_1_6' title="bbox 533 563 2174 646">
    <p class='ocr_par' dir='ltr' id='par_1_6' title="bbox 533 563 2174 646">
     <span class='ocr_line' id='line_1_6' title="bbox 533 563 2174 646; baseline -0.004 -20"><span class='ocrx_word' id='word_1_22' title='bbox 533 565 734 646; x_wconf 87' lang='lat' dir='ltr'><strong>ritani,</strong></span> <span class='ocrx_word' id='word_1_23' title='bbox 765 565 907 625; x_wconf 60' lang='lat'><strong>564</strong></span> <span class='ocrx_word' id='word_1_24' title='bbox 935 571 1291 642; x_wconf 78' lang='lat' dir='ltr'><strong>rogaverunt</strong></span> <span class='ocrx_word' id='word_1_25' title='bbox 1312 583 1447 626; x_wconf 89' lang='lat' dir='ltr'><strong>eum</strong></span> <span class='ocrx_word' id='word_1_26' title='bbox 1483 571 1545 624; x_wconf 88' lang='lat' dir='ltr'><strong>ut</strong></span> <span class='ocrx_word' id='word_1_27' title='bbox 1566 563 1722 643; x_wconf 87' lang='lat' dir='ltr'><strong>apud</strong></span> <span class='ocrx_word' id='word_1_28' title='bbox 1765 582 1830 624; x_wconf 89' lang='lat' dir='ltr'><strong>se</strong></span> <span class='ocrx_word' id='word_1_29' title='bbox 1864 570 2133 623; x_wconf 90' lang='lat' dir='ltr'><strong>maneret</strong></span> <span class='ocrx_word' id='word_1_30' title='bbox 2163 581 2174 620; x_wconf 95' lang='lat'>:</span> 
     </span>
    </p>
   </div>
   <div class='ocr_carea' id='block_1_7' title="bbox 534 651 2181 734">
    <p class='ocr_par' dir='ltr' id='par_1_7' title="bbox 534 651 2181 734">
     <span class='ocr_line' id='line_1_7' title="bbox 534 651 2181 734; baseline -0.004 -19"><span class='ocrx_word' id='word_1_31' title='bbox 534 663 592 716; x_wconf 87' lang='lat' dir='ltr'><strong>et</strong></span> <span class='ocrx_word' id='word_1_32' title='bbox 609 654 824 716; x_wconf 85' lang='lat' dir='ltr'><strong>mansit</strong></span> <span class='ocrx_word' id='word_1_33' title='bbox 841 653 1085 717; x_wconf 92' lang='lat' dir='ltr'><strong>ibiduos</strong></span> <span class='ocrx_word' id='word_1_34' title='bbox 1105 654 1333 734; x_wconf 90' lang='lat' dir='ltr'><strong>dies,ac</strong></span> <span class='ocrx_word' id='word_1_35' title='bbox 1358 652 1545 714; x_wconf 87' lang='lat' dir='ltr'><strong>multo</strong></span> <span class='ocrx_word' id='word_1_36' title='bbox 1566 653 1769 732; x_wconf 82' lang='lat' dir='ltr'><strong>plures</strong></span> <span class='ocrx_word' id='word_1_37' title='bbox 1797 651 2181 712; x_wconf 83' lang='lat' dir='ltr'><strong>crediderunt</strong></span> 
     </span>
    </p>
   </div>
   <div class='ocr_carea' id='block_1_8' title="bbox 535 739 2178 825">
    <p class='ocr_par' dir='ltr' id='par_1_8' title="bbox 535 739 2178 825">
     <span class='ocr_line' id='line_1_8' title="bbox 535 739 2178 825; baseline -0.005 -19"><span class='ocrx_word' id='word_1_38' title='bbox 535 752 777 825; x_wconf 82' lang='lat' dir='ltr'><strong>propter</strong></span> <span class='ocrx_word' id='word_1_39' title='bbox 803 763 1144 806; x_wconf 86' lang='lat' dir='ltr'><strong>sermonem</strong></span> <span class='ocrx_word' id='word_1_40' title='bbox 1176 743 1453 824; x_wconf 89' lang='lat' dir='ltr'><strong>ipsius,et</strong></span> <span class='ocrx_word' id='word_1_41' title='bbox 1485 741 1723 802; x_wconf 90' lang='lat' dir='ltr'><strong>mulieri</strong></span> <span class='ocrx_word' id='word_1_42' title='bbox 1748 739 2178 802; x_wconf 75' lang='lat' dir='ltr'><strong>dicebantzlam</strong></span> 
     </span>
    </p>
   </div>
   <div class='ocr_carea' id='block_1_9' title="bbox 533 829 2178 914">
    <p class='ocr_par' dir='ltr' id='par_1_9' title="bbox 533 829 2178 914">
     <span class='ocr_line' id='line_1_9' title="bbox 533 829 2178 914; baseline -0.002 -22"><span class='ocrx_word' id='word_1_43' title='bbox 533 851 650 893; x_wconf 90' lang='lat' dir='ltr'><strong>non</strong></span> <span class='ocrx_word' id='word_1_44' title='bbox 683 843 930 914; x_wconf 89' lang='lat' dir='ltr'><strong>propter</strong></span> <span class='ocrx_word' id='word_1_45' title='bbox 961 841 1117 894; x_wconf 89' lang='lat' dir='ltr'><strong>tuam</strong></span> <span class='ocrx_word' id='word_1_46' title='bbox 1143 831 1475 894; x_wconf 90' lang='lat' dir='ltr'><strong>orationem</strong></span> <span class='ocrx_word' id='word_1_47' title='bbox 1510 830 1852 892; x_wconf 85' lang='lat' dir='ltr'><strong>credimus:</strong></span> <span class='ocrx_word' id='word_1_48' title='bbox 1885 829 1997 909; x_wconf 90' lang='lat' dir='ltr'><strong>ipsi</strong></span> <span class='ocrx_word' id='word_1_49' title='bbox 2019 830 2178 890; x_wconf 90' lang='lat' dir='ltr'><strong>enim</strong></span> 
     </span>
    </p>
   </div>
   <div class='ocr_carea' id='block_1_10' title="bbox 532 917 2181 1001">
    <p class='ocr_par' dir='ltr' id='par_1_10' title="bbox 532 917 2181 1001">
     <span class='ocr_line' id='line_1_10' title="bbox 532 917 2181 1001; baseline -0.003 -20"><span class='ocrx_word' id='word_1_50' title='bbox 532 921 886 1001; x_wconf 86' lang='lat' dir='ltr'><strong>audivimus,</strong></span> <span class='ocrx_word' id='word_1_51' title='bbox 913 933 973 984; x_wconf 90' lang='lat' dir='ltr'><strong>et</strong></span> <span class='ocrx_word' id='word_1_52' title='bbox 1027 924 1246 989; x_wconf 88' lang='lat' dir='ltr'><strong>scimus</strong></span> <span class='ocrx_word' id='word_1_53' title='bbox 1294 920 1450 1001; x_wconf 90' lang='lat' dir='ltr'><strong>quod</strong></span> <span class='ocrx_word' id='word_1_54' title='bbox 1505 920 1600 982; x_wconf 87' lang='lat' dir='ltr'><strong>hic</strong></span> <span class='ocrx_word' id='word_1_55' title='bbox 1631 928 1717 981; x_wconf 90' lang='lat' dir='ltr'><strong>est</strong></span> <span class='ocrx_word' id='word_1_56' title='bbox 1752 937 1888 980; x_wconf 86' lang='lat' dir='ltr'><strong>vere</strong></span> <span class='ocrx_word' id='word_1_57' title='bbox 1919 917 2181 980; x_wconf 83' lang='lat' dir='ltr'><strong>Salvator</strong></span> 
     </span>
    </p>
   </div>
   <div class='ocr_carea' id='block_1_11' title="bbox 533 1007 2180 1090">
    <p class='ocr_par' dir='ltr' id='par_1_11' title="bbox 533 1007 2180 1090">
     <span class='ocr_line' id='line_1_11' title="bbox 533 1007 2180 1090; baseline -0.002 -20"><span class='ocrx_word' id='word_1_58' title='bbox 533 1010 736 1072; x_wconf 90' lang='lat' dir='ltr'><strong>mundi</strong></span> <span class='ocrx_word' id='word_1_59' title='bbox 752 1012 1344 1090; x_wconf 75' lang='lat' dir='ltr'><strong>Christus.»Propter</strong></span> <span class='ocrx_word' id='word_1_60' title='bbox 1367 1028 1705 1072; x_wconf 89' lang='lat' dir='ltr'><strong>sermonem</strong></span> <span class='ocrx_word' id='word_1_61' title='bbox 1732 1007 2180 1069; x_wconf 89' lang='lat' dir='ltr'><strong>mulierismulti</strong></span> 
     </span>
    </p>
   </div>
   <div class='ocr_carea' id='block_1_12' title="bbox 533 1096 2180 1180">
    <p class='ocr_par' dir='ltr' id='par_1_12' title="bbox 533 1096 2180 1180">
     <span class='ocr_line' id='line_1_12' title="bbox 533 1096 2180 1180; baseline -0.003 -20"><span class='ocrx_word' id='word_1_62' title='bbox 533 1098 888 1162; x_wconf 89' lang='lat' dir='ltr'><strong>Samaritani</strong></span> <span class='ocrx_word' id='word_1_63' title='bbox 937 1103 1422 1180; x_wconf 89' lang='lat' dir='ltr'><strong>credunt,utpote</strong></span> <span class='ocrx_word' id='word_1_64' title='bbox 1453 1099 1778 1178; x_wconf 87' lang='lat' dir='ltr'><strong>prudenter</strong></span> <span class='ocrx_word' id='word_1_65' title='bbox 1805 1096 1961 1176; x_wconf 89' lang='lat' dir='ltr'><strong>apud</strong></span> <span class='ocrx_word' id='word_1_66' title='bbox 1996 1114 2060 1156; x_wconf 91' lang='lat' dir='ltr'><strong>se</strong></span> <span class='ocrx_word' id='word_1_67' title='bbox 2074 1097 2180 1174; x_wconf 87' lang='lat' dir='ltr'><strong>ju--</strong></span> 
     </span>
    </p>
   </div>
   <div class='ocr_carea' id='block_1_13' title="bbox 531 1184 2176 1270">
    <p class='ocr_par' dir='ltr' id='par_1_13' title="bbox 531 1184 2176 1270">
     <span class='ocr_line' id='line_1_13' title="bbox 531 1184 2176 1270; baseline -0.003 -20"><span class='ocrx_word' id='word_1_68' title='bbox 531 1189 802 1251; x_wconf 88' lang='lat' dir='ltr'><strong>dicantes</strong></span> <span class='ocrx_word' id='word_1_69' title='bbox 830 1189 987 1270; x_wconf 87' lang='lat' dir='ltr'><strong>quod</strong></span> <span class='ocrx_word' id='word_1_70' title='bbox 1019 1190 1194 1250; x_wconf 87' lang='lat' dir='ltr'><strong>vitam</strong></span> <span class='ocrx_word' id='word_1_71' title='bbox 1213 1208 1379 1250; x_wconf 67' lang='lat' dir='ltr'><strong>suam</strong></span> <span class='ocrx_word' id='word_1_72' title='bbox 1407 1187 1624 1248; x_wconf 90' lang='lat' dir='ltr'><strong>mulier</strong></span> <span class='ocrx_word' id='word_1_73' title='bbox 1643 1206 1756 1248; x_wconf 92' lang='lat' dir='ltr'><strong>non</strong></span> <span class='ocrx_word' id='word_1_74' title='bbox 1783 1186 2077 1262; x_wconf 79' lang='lat' dir='ltr'><strong>vulgasset</strong></span> <span class='ocrx_word' id='word_1_75' title='bbox 2107 1184 2176 1246; x_wconf 88' lang='lat' dir='ltr'><strong>ad</strong></span> 
     </span>
    </p>
   </div>
   <div class='ocr_carea' id='block_1_14' title="bbox 531 1274 2180 1357">
    <p class='ocr_par' dir='ltr' id='par_1_14' title="bbox 531 1274 2180 1357">
     <span class='ocr_line' id='line_1_14' title="bbox 531 1274 2180 1357; baseline -0.004 -18"><span class='ocrx_word' id='word_1_76' title='bbox 531 1278 646 1339; x_wconf 89' lang='lat' dir='ltr'><strong>hoc</strong></span> <span class='ocrx_word' id='word_1_77' title='bbox 675 1286 738 1338; x_wconf 91' lang='lat' dir='ltr'><strong>ut</strong></span> <span class='ocrx_word' id='word_1_78' title='bbox 767 1278 1198 1357; x_wconf 81' lang='lat' dir='ltr'><strong>gratiﬁcaretur</strong></span> <span class='ocrx_word' id='word_1_79' title='bbox 1225 1276 1420 1350; x_wconf 86' lang='lat' dir='ltr'><strong>alteri,</strong></span> <span class='ocrx_word' id='word_1_80' title='bbox 1457 1275 1567 1337; x_wconf 89' lang='lat' dir='ltr'><strong>nisi</strong></span> <span class='ocrx_word' id='word_1_81' title='bbox 1596 1293 1734 1336; x_wconf 88' lang='lat' dir='ltr'><strong>vere</strong></span> <span class='ocrx_word' id='word_1_82' title='bbox 1768 1292 2018 1352; x_wconf 84' lang='lat' dir='ltr'><strong>magnus</strong></span> <span class='ocrx_word' id='word_1_83' title='bbox 2048 1274 2180 1354; x_wconf 91' lang='lat' dir='ltr'><strong>quis</strong></span> 
     </span>
    </p>
   </div>
   <div class='ocr_carea' id='block_1_15' title="bbox 2266 557 4016 638">
    <p class='ocr_par' dir='ltr' id='par_1_15' title="bbox 2266 557 4016 638">
     <span class='ocr_line' id='line_1_15' title="bbox 2266 557 4016 638; baseline -0.002 -22"><span class='ocrx_word' id='word_1_84' title='bbox 2266 584 2348 616; x_wconf 78' lang='grc' dir='ltr'><strong>ναι</strong></span> <span class='ocrx_word' id='word_1_85' title='bbox 2421 559 2544 638; x_wconf 83' lang='grc' dir='ltr'>παρ’</span> <span class='ocrx_word' id='word_1_86' title='bbox 2605 563 2812 627; x_wconf 74' lang='grc' dir='ltr'>αὖτοῖς·</span> <span class='ocrx_word' id='word_1_87' title='bbox 2871 563 2960 619; x_wconf 82' lang='grc' dir='ltr'><strong>καὶ</strong></span> <span class='ocrx_word' id='word_1_88' title='bbox 3015 560 3220 638; x_wconf 79' lang='grc' dir='ltr'><strong>ἔμεινεν</strong></span> <span class='ocrx_word' id='word_1_89' title='bbox 3279 560 3396 617; x_wconf 78' lang='grc' dir='ltr'>ἐκεῖ</span> <span class='ocrx_word' id='word_1_90' title='bbox 3452 557 3545 616; x_wconf 80' lang='grc' dir='ltr'><strong>δύο</strong></span> <span class='ocrx_word' id='word_1_91' title='bbox 3576 561 3889 637; x_wconf 70' lang='grc' dir='ltr'>ἡμέρας,</span> <span class='ocrx_word' id='word_1_92' title='bbox 3926 563 4016 614; x_wconf 71' lang='grc' dir='ltr'><strong>καὶ</strong></span> 
     </span>
    </p>
   </div>
   <div class='ocr_carea' id='block_1_16' title="bbox 2267 649 4007 728">
    <p class='ocr_par' dir='ltr' id='par_1_16' title="bbox 2267 649 4007 728">
     <span class='ocr_line' id='line_1_16' title="bbox 2267 649 4007 728; baseline -0.002 -23"><span class='ocrx_word' id='word_1_93' title='bbox 2267 649 2450 722; x_wconf 76' lang='grc' dir='ltr'>πολλῷ</span> <span class='ocrx_word' id='word_1_94' title='bbox 2481 649 2691 714; x_wconf 86' lang='grc' dir='ltr'>πλείους</span> <span class='ocrx_word' id='word_1_95' title='bbox 2722 652 3032 710; x_wconf 80' lang='grc' dir='ltr'>ἐπίστευσαν</span> <span class='ocrx_word' id='word_1_96' title='bbox 3063 649 3147 706; x_wconf 78' lang='grc' dir='ltr'><strong>διὰ</strong></span> <span class='ocrx_word' id='word_1_97' title='bbox 3187 652 3280 706; x_wconf 82' lang='grc' dir='ltr'>τὸν</span> <span class='ocrx_word' id='word_1_98' title='bbox 3321 649 3479 728; x_wconf 79' lang='grc' dir='ltr'>λόγον</span> <span class='ocrx_word' id='word_1_99' title='bbox 3531 652 3763 707; x_wconf 65' lang='grc' dir='ltr'>αὐτοῦ’</span> <span class='ocrx_word' id='word_1_100' title='bbox 3805 655 3898 726; x_wconf 75' lang='grc' dir='ltr'><strong>τῇ</strong></span> <span class='ocrx_word' id='word_1_101' title='bbox 3955 671 4007 703; x_wconf 77' lang='grc' dir='ltr'><strong>τε</strong></span> 
     </span>
    </p>
   </div>
   <div class='ocr_carea' id='block_1_17' title="bbox 2265 737 4005 819">
    <p class='ocr_par' dir='ltr' id='par_1_17' title="bbox 2265 737 4005 819">
     <span class='ocr_line' id='line_1_17' title="bbox 2265 737 4005 819; baseline -0.001 -25"><span class='ocrx_word' id='word_1_102' title='bbox 2265 741 2470 816; x_wconf 73' lang='grc' dir='ltr'>γυναικὶ</span> <span class='ocrx_word' id='word_1_103' title='bbox 2555 739 2760 819; x_wconf 77' lang='grc' dir='ltr'>ἔλεγον,</span> <span class='ocrx_word' id='word_1_104' title='bbox 2835 740 2916 796; x_wconf 84' lang='grc' dir='ltr'><strong>ὅτι</strong></span> <span class='ocrx_word' id='word_1_105' title='bbox 2973 743 3080 798; x_wconf 67' lang='grc' dir='ltr'>Οὔκ</span> <span class='ocrx_word' id='word_1_106' title='bbox 3110 739 3185 796; x_wconf 71' lang='grc' dir='ltr'><strong>ἔτι</strong></span> <span class='ocrx_word' id='word_1_107' title='bbox 3216 738 3299 796; x_wconf 80' lang='grc' dir='ltr'><strong>διὰ</strong></span> <span class='ocrx_word' id='word_1_108' title='bbox 3328 741 3425 808; x_wconf 75' lang='grc' dir='ltr'>τὴν</span> <span class='ocrx_word' id='word_1_109' title='bbox 3458 740 3561 806; x_wconf 69' lang='grc' dir='ltr'>σὴν</span> <span class='ocrx_word' id='word_1_110' title='bbox 3597 737 3850 795; x_wconf 64' lang='grc' dir='ltr'>λαλιὰν</span> <span class='ocrx_word' id='word_1_111' title='bbox 3897 762 4005 795; x_wconf 72' lang='grc' dir='ltr'>πι-</span> 
     </span>
    </p>
   </div>
   <div class='ocr_carea' id='block_1_18' title="bbox 2267 825 4001 908">
    <p class='ocr_par' dir='ltr' id='par_1_18' title="bbox 2267 825 4001 908">
     <span class='ocr_line' id='line_1_18' title="bbox 2267 825 4001 908; baseline -0.002 -25"><span class='ocrx_word' id='word_1_112' title='bbox 2267 831 2538 904; x_wconf 81' lang='grc' dir='ltr'>στεύομεν·</span> <span class='ocrx_word' id='word_1_113' title='bbox 2603 831 2745 886; x_wconf 72' lang='grc' dir='ltr'>αὐτοὶ</span> <span class='ocrx_word' id='word_1_114' title='bbox 2798 831 2898 908; x_wconf 75' lang='grc' dir='ltr'><strong>γὰρ</strong></span> <span class='ocrx_word' id='word_1_115' title='bbox 2975 830 3305 905; x_wconf 80' lang='grc' dir='ltr'>ἀκηκόαμεν,</span> <span class='ocrx_word' id='word_1_116' title='bbox 3367 831 3456 885; x_wconf 82' lang='grc' dir='ltr'>καὶ</span> <span class='ocrx_word' id='word_1_117' title='bbox 3527 825 3841 907; x_wconf 66' lang='grc' dir='ltr'>οἴδαμεν,</span> <span class='ocrx_word' id='word_1_118' title='bbox 3919 830 4001 883; x_wconf 73' lang='grc' dir='ltr'>ὅτι</span> 
     </span>
    </p>
   </div>
   <div class='ocr_carea' id='block_1_19' title="bbox 2266 917 3988 997">
    <p class='ocr_par' dir='ltr' id='par_1_19' title="bbox 2266 917 3988 997">
     <span class='ocr_line' id='line_1_19' title="bbox 2266 917 3988 997; baseline 0.002 -29"><span class='ocrx_word' id='word_1_119' title='bbox 2266 918 2414 981; x_wconf 73' lang='grc' dir='ltr'>οὗτός</span> <span class='ocrx_word' id='word_1_120' title='bbox 2475 918 2614 974; x_wconf 72' lang='grc' dir='ltr'>ἐστιν</span> <span class='ocrx_word' id='word_1_121' title='bbox 2645 917 2853 986; x_wconf 74' lang='grc' dir='ltr'>ἀληθῶς</span> <span class='ocrx_word' id='word_1_122' title='bbox 2887 921 2914 974; x_wconf 93' lang='lat'><strong>6</strong></span> <span class='ocrx_word' id='word_1_123' title='bbox 2947 919 3137 997; x_wconf 76' lang='grc' dir='ltr'>Σωτὴρ</span> <span class='ocrx_word' id='word_1_124' title='bbox 3178 925 3270 975; x_wconf 74' lang='grc' dir='ltr'>τοῦ</span> <span class='ocrx_word' id='word_1_125' title='bbox 3293 919 3494 993; x_wconf 83' lang='grc' dir='ltr'>κόσμου</span> <span class='ocrx_word' id='word_1_126' title='bbox 3522 920 3553 974; x_wconf 87' lang='lat'><strong>6</strong></span> <span class='ocrx_word' id='word_1_127' title='bbox 3607 917 3929 996; x_wconf 74' lang='grc' dir='ltr'>Χριστός.</span> <span class='ocrx_word' id='word_1_128' title='bbox 3967 943 3988 971; x_wconf 81' lang='grc' dir='ltr'><strong><em>ι</em></strong></span> 
     </span>
    </p>
   </div>
   <div class='ocr_carea' id='block_1_20' title="bbox 2269 1006 3992 1086">
    <p class='ocr_par' dir='ltr' id='par_1_20' title="bbox 2269 1006 3992 1086">
     <span class='ocr_line' id='line_1_20' title="bbox 2269 1006 3992 1086; baseline 0.001 -26"><span class='ocrx_word' id='word_1_129' title='bbox 2269 1009 2365 1061; x_wconf 68' lang='grc' dir='ltr'>Διὰ</span> <span class='ocrx_word' id='word_1_130' title='bbox 2421 1009 2508 1062; x_wconf 83' lang='grc' dir='ltr'>τὸν</span> <span class='ocrx_word' id='word_1_131' title='bbox 2582 1006 2743 1085; x_wconf 88' lang='grc' dir='ltr'>λόγον</span> <span class='ocrx_word' id='word_1_132' title='bbox 2815 1008 2910 1076; x_wconf 74' lang='grc' dir='ltr'><strong>τῆς</strong></span> <span class='ocrx_word' id='word_1_133' title='bbox 2955 1009 3201 1086; x_wconf 83' lang='grc' dir='ltr'>γυναικὸς</span> <span class='ocrx_word' id='word_1_134' title='bbox 3259 1009 3595 1064; x_wconf 72' lang='grc' dir='ltr'><strong>πιστεύουσιν</strong></span> <span class='ocrx_word' id='word_1_135' title='bbox 3641 1008 3714 1063; x_wconf 83' lang='grc' dir='ltr'><strong>οἱ</strong></span> <span class='ocrx_word' id='word_1_136' title='bbox 3763 1014 3992 1082; x_wconf 64' lang='grc' dir='ltr'>Σαμα-</span> 
     </span>
    </p>
   </div>
   <div class='ocr_carea' id='block_1_21' title="bbox 2265 1087 3986 1174">
    <p class='ocr_par' dir='ltr' id='par_1_21' title="bbox 2265 1087 3986 1174">
     <span class='ocr_line' id='line_1_21' title="bbox 2265 1087 3986 1174; baseline 0.002 -24"><span class='ocrx_word' id='word_1_137' title='bbox 2265 1110 2458 1172; x_wconf 72' lang='grc' dir='ltr'>ρεῖται,</span> <span class='ocrx_word' id='word_1_138' title='bbox 2520 1101 2593 1161; x_wconf 82' lang='grc' dir='ltr'>ὡς</span> <span class='ocrx_word' id='word_1_139' title='bbox 2652 1099 2854 1155; x_wconf 79' lang='grc' dir='ltr'>συνετοὶ</span> <span class='ocrx_word' id='word_1_140' title='bbox 2909 1087 3038 1172; x_wconf 86' lang='grc' dir='ltr'>παρ’</span> <span class='ocrx_word' id='word_1_141' title='bbox 3094 1098 3307 1160; x_wconf 82' lang='grc' dir='ltr'>ἑαυτοῖς</span> <span class='ocrx_word' id='word_1_142' title='bbox 3369 1099 3680 1174; x_wconf 70' lang='grc' dir='ltr'>κρίναντες,</span> <span class='ocrx_word' id='word_1_143' title='bbox 3725 1098 3825 1159; x_wconf 85' lang='grc' dir='ltr'>ὡς</span> <span class='ocrx_word' id='word_1_144' title='bbox 3891 1098 3986 1153; x_wconf 65' lang='grc' dir='ltr'>οὖα</span> 
     </span>
    </p>
   </div>
   <div class='ocr_carea' id='block_1_22' title="bbox 2267 1185 3984 1264">
    <p class='ocr_par' dir='ltr' id='par_1_22' title="bbox 2267 1185 3984 1264">
     <span class='ocr_line' id='line_1_22' title="bbox 2267 1185 3984 1264; baseline 0.001 -24"><span class='ocrx_word' id='word_1_145' title='bbox 2267 1185 2326 1240; x_wconf 68' lang='grc' dir='ltr'><strong>ἄν</strong></span> <span class='ocrx_word' id='word_1_146' title='bbox 2394 1189 2484 1243; x_wconf 77' lang='grc' dir='ltr'>τὸν</span> <span class='ocrx_word' id='word_1_147' title='bbox 2540 1189 2736 1243; x_wconf 82' lang='grc' dir='ltr'>οἰκεῖον</span> <span class='ocrx_word' id='word_1_148' title='bbox 2807 1187 2918 1263; x_wconf 85' lang='grc' dir='ltr'>βίον</span> <span class='ocrx_word' id='word_1_149' title='bbox 2974 1188 3009 1255; x_wconf 83' lang='grc' dir='ltr'>ἡ</span> <span class='ocrx_word' id='word_1_150' title='bbox 3040 1188 3172 1264; x_wconf 77' lang='grc' dir='ltr'>γυνὴ</span> <span class='ocrx_word' id='word_1_151' title='bbox 3229 1185 3620 1261; x_wconf 82' lang='grc' dir='ltr'>ἐξεπόμπευσεν</span> <span class='ocrx_word' id='word_1_152' title='bbox 3679 1186 3852 1261; x_wconf 75' lang='grc' dir='ltr'>ὑπὲρ</span> <span class='ocrx_word' id='word_1_153' title='bbox 3890 1194 3984 1242; x_wconf 63' lang='grc' dir='ltr'>τοὶ</span> 
     </span>
    </p>
   </div>
   <div class='ocr_carea' id='block_1_23' title="bbox 2262 1274 3981 1354">
    <p class='ocr_par' dir='ltr' id='par_1_23' title="bbox 2262 1274 3981 1354">
     <span class='ocr_line' id='line_1_23' title="bbox 2262 1274 3981 1354; baseline -0.001 -24"><span class='ocrx_word' id='word_1_154' title='bbox 2262 1277 2576 1354; x_wconf 71' lang='grc' dir='ltr'>χαρίσασθαι</span> <span class='ocrx_word' id='word_1_155' title='bbox 2656 1274 2838 1352; x_wconf 77' lang='grc' dir='ltr'>ἑτέρῳ,</span> <span class='ocrx_word' id='word_1_156' title='bbox 2901 1277 2944 1331; x_wconf 87' lang='grc' dir='ltr'><strong>εἰ</strong></span> <span class='ocrx_word' id='word_1_157' title='bbox 3015 1278 3092 1350; x_wconf 76' lang='grc' dir='ltr'>μὴ</span> <span class='ocrx_word' id='word_1_158' title='bbox 3136 1274 3348 1342; x_wconf 75' lang='grc' dir='ltr'>ἀληθῶς</span> <span class='ocrx_word' id='word_1_159' title='bbox 3381 1275 3546 1352; x_wconf 80' lang='grc' dir='ltr'>μέγας</span> <span class='ocrx_word' id='word_1_160' title='bbox 3599 1296 3706 1339; x_wconf 82' lang='grc' dir='ltr'><strong>τις</strong></span> <span class='ocrx_word' id='word_1_161' title='bbox 3768 1274 3855 1342; x_wconf 78' lang='grc' dir='ltr'><strong>ἧν</strong></span> <span class='ocrx_word' id='word_1_162' title='bbox 3893 1277 3981 1329; x_wconf 66' lang='grc' dir='ltr'>καὶ</span> 
     </span>
    </p>
   </div>
   <div class='ocr_carea' id='block_1_24' title="bbox 533 1361 2175 1448">
    <p class='ocr_par' dir='ltr' id='par_1_24' title="bbox 533 1361 2175 1448">
     <span class='ocr_line' id='line_1_24' title="bbox 533 1361 2175 1448; baseline -0.004 -20"><span class='ocrx_word' id='word_1_163' title='bbox 533 1377 691 1428; x_wconf 84' lang='lat' dir='ltr'><strong>esset</strong></span> <span class='ocrx_word' id='word_1_164' title='bbox 735 1377 792 1428; x_wconf 88' lang='lat' dir='ltr'><strong>et</strong></span> <span class='ocrx_word' id='word_1_165' title='bbox 819 1386 1000 1448; x_wconf 84' lang='lat' dir='ltr'><strong>super</strong></span> <span class='ocrx_word' id='word_1_166' title='bbox 1034 1368 1249 1429; x_wconf 90' lang='lat' dir='ltr'><strong>multos</strong></span> <span class='ocrx_word' id='word_1_167' title='bbox 1299 1370 1395 1446; x_wconf 88' lang='lat' dir='ltr'><strong>qui</strong></span> <span class='ocrx_word' id='word_1_168' title='bbox 1451 1365 1523 1426; x_wconf 89' lang='lat' dir='ltr'><strong>ab</strong></span> <span class='ocrx_word' id='word_1_169' title='bbox 1577 1364 1678 1425; x_wconf 83' lang='lat' dir='ltr'><strong>illa</strong></span> <span class='ocrx_word' id='word_1_170' title='bbox 1724 1361 2175 1443; x_wconf 62' lang='lat' dir='ltr'><strong>pradicabatur.</strong></span> 
     </span>
    </p>
   </div>
   <div class='ocr_carea' id='block_1_25' title="bbox 2263 1361 3979 1448">
    <p class='ocr_par' dir='ltr' id='par_1_25' title="bbox 2263 1362 3979 1442">
     <span class='ocr_line' id='line_1_25' title="bbox 2263 1362 3979 1442; baseline 0 -24"><span class='ocrx_word' id='word_1_171' title='bbox 2263 1365 2388 1442; x_wconf 67' lang='grc' dir='ltr'>ὑπὲρ</span> <span class='ocrx_word' id='word_1_172' title='bbox 2458 1365 2578 1428; x_wconf 80' lang='grc' dir='ltr'>τοὺς</span> <span class='ocrx_word' id='word_1_173' title='bbox 2605 1364 2832 1428; x_wconf 84' lang='grc' dir='ltr'>πολλούς</span> <span class='ocrx_word' id='word_1_174' title='bbox 2865 1368 2891 1422; x_wconf 86' lang='lat'><strong>6</strong></span> <span class='ocrx_word' id='word_1_175' title='bbox 2919 1364 3012 1421; x_wconf 80' lang='grc' dir='ltr'><strong>ὑπ’</strong></span> <span class='ocrx_word' id='word_1_176' title='bbox 3047 1365 3207 1431; x_wconf 71' lang='grc' dir='ltr'>αὐτῆς</span> <span class='ocrx_word' id='word_1_177' title='bbox 3239 1365 3662 1442; x_wconf 65' lang='grc' dir='ltr'>κηρδττόμενος·</span> <span class='ocrx_word' id='word_1_178' title='bbox 3731 1362 3833 1419; x_wconf 82' lang='grc' dir='ltr'>διὸ</span> <span class='ocrx_word' id='word_1_179' title='bbox 3895 1366 3979 1418; x_wconf 72' lang='grc' dir='ltr'>καὶ</span> 
     </span>
    </p>
   </div>
   <div class='ocr_carea' id='block_1_26' title="bbox 530 1452 2173 1537">
    <p class='ocr_par' dir='ltr' id='par_1_26' title="bbox 530 1452 2173 1537">
     <span class='ocr_line' id='line_1_26' title="bbox 530 1452 2173 1537; baseline -0.004 -19"><span class='ocrx_word' id='word_1_180' title='bbox 530 1455 670 1518; x_wconf 88' lang='lat' dir='ltr'><strong>Ideo</strong></span> <span class='ocrx_word' id='word_1_181' title='bbox 701 1466 758 1518; x_wconf 91' lang='lat' dir='ltr'><strong>et</strong></span> <span class='ocrx_word' id='word_1_182' title='bbox 776 1458 952 1518; x_wconf 77' lang='lat' dir='ltr'><strong>fidem</strong></span> <span class='ocrx_word' id='word_1_183' title='bbox 985 1456 1273 1537; x_wconf 88' lang='lat' dir='ltr'><strong>operibus</strong></span> <span class='ocrx_word' id='word_1_184' title='bbox 1295 1461 1857 1527; x_wconf 84' lang='lat' dir='ltr'><strong>commonstrantes,</strong></span> <span class='ocrx_word' id='word_1_185' title='bbox 1893 1452 2173 1513; x_wconf 82' lang='lat' dir='ltr'><strong>obsecra-</strong></span> 
     </span>
    </p>
   </div>
   <div class='ocr_carea' id='block_1_27' title="bbox 533 1543 2178 1626">
    <p class='ocr_par' dir='ltr' id='par_1_27' title="bbox 533 1543 2178 1626">
     <span class='ocr_line' id='line_1_27' title="bbox 533 1543 2178 1626; baseline -0.004 -19"><span class='ocrx_word' id='word_1_186' title='bbox 533 1546 672 1607; x_wconf 90' lang='lat' dir='ltr'><strong>bant</strong></span> <span class='ocrx_word' id='word_1_187' title='bbox 701 1545 866 1608; x_wconf 89' lang='lat' dir='ltr'><strong>illum</strong></span> <span class='ocrx_word' id='word_1_188' title='bbox 912 1553 975 1606; x_wconf 89' lang='lat' dir='ltr'><strong>ut</strong></span> <span class='ocrx_word' id='word_1_189' title='bbox 1001 1555 1289 1626; x_wconf 88' lang='lat' dir='ltr'><strong>perpetuo</strong></span> <span class='ocrx_word' id='word_1_190' title='bbox 1323 1543 1477 1625; x_wconf 88' lang='lat' dir='ltr'><strong>apud</strong></span> <span class='ocrx_word' id='word_1_191' title='bbox 1505 1544 1666 1623; x_wconf 90' lang='lat' dir='ltr'><strong>ipsos</strong></span> <span class='ocrx_word' id='word_1_192' title='bbox 1697 1551 1876 1604; x_wconf 86' lang='lat' dir='ltr'><strong>esset.</strong></span> <span class='ocrx_word' id='word_1_193' title='bbox 1917 1567 1939 1596; x_wconf 79' lang='grc' dir='ltr'><strong>α</strong></span> <span class='ocrx_word' id='word_1_194' title='bbox 1969 1544 2178 1603; x_wconf 84' lang='lat' dir='ltr'><strong>Mane-</strong></span> 
     </span>
    </p>
   </div>
   <div class='ocr_carea' id='block_1_28' title="bbox 528 1629 2178 1714">
    <p class='ocr_par' dir='ltr' id='par_1_28' title="bbox 528 1629 2178 1714">
     <span class='ocr_line' id='line_1_28' title="bbox 528 1629 2178 1714; baseline -0.005 -16"><span class='ocrx_word' id='word_1_195' title='bbox 528 1655 631 1699; x_wconf 64' lang='lat' dir='ltr'><strong>re.</strong></span> <span class='ocrx_word' id='word_1_196' title='bbox 656 1636 817 1699; x_wconf 89' lang='lat' dir='ltr'><strong>enim</strong></span> <span class='ocrx_word' id='word_1_197' title='bbox 841 1636 953 1698; x_wconf 88' lang='lat' dir='ltr'><strong>hoc</strong></span> <span class='ocrx_word' id='word_1_198' title='bbox 967 1633 1274 1714; x_wconf 79' lang='lat' dir='ltr'><strong>signiﬁcat,</strong></span> <span class='ocrx_word' id='word_1_199' title='bbox 1285 1640 1632 1714; x_wconf 88' lang='lat' dir='ltr'><strong>perpetuum</strong></span> <span class='ocrx_word' id='word_1_200' title='bbox 1651 1631 2010 1694; x_wconf 86' lang='lat' dir='ltr'><strong>domicilium</strong></span> <span class='ocrx_word' id='word_1_201' title='bbox 2024 1629 2178 1710; x_wconf 88' lang='lat' dir='ltr'><strong>apud</strong></span> 
     </span>
    </p>
   </div>
   <div class='ocr_carea' id='block_1_29' title="bbox 530 1719 2178 1800">
    <p class='ocr_par' dir='ltr' id='par_1_29' title="bbox 530 1719 2178 1800">
     <span class='ocr_line' id='line_1_29' title="bbox 530 1719 2178 1800; baseline -0.004 -13"><span class='ocrx_word' id='word_1_202' title='bbox 530 1726 664 1788; x_wconf 91' lang='lat' dir='ltr'><strong>illos</strong></span> <span class='ocrx_word' id='word_1_203' title='bbox 695 1722 1168 1789; x_wconf 87' lang='lat' dir='ltr'><strong>habere.Verum</strong></span> <span class='ocrx_word' id='word_1_204' title='bbox 1187 1723 1287 1784; x_wconf 93' lang='lat' dir='ltr'><strong>ille</strong></span> <span class='ocrx_word' id='word_1_205' title='bbox 1310 1723 1369 1784; x_wconf 91' lang='lat' dir='ltr'><strong>in</strong></span> <span class='ocrx_word' id='word_1_206' title='bbox 1393 1724 1505 1784; x_wconf 86' lang='lat' dir='ltr'><strong>hoc</strong></span> <span class='ocrx_word' id='word_1_207' title='bbox 1531 1743 1645 1783; x_wconf 85' lang='lat' dir='ltr'><strong>non</strong></span> <span class='ocrx_word' id='word_1_208' title='bbox 1670 1719 2178 1800; x_wconf 78' lang='lat' dir='ltr'><strong>obtemperat,sed</strong></span> 
     </span>
    </p>
   </div>
   <div class='ocr_carea' id='block_1_30' title="bbox 531 1807 2181 1888">
    <p class='ocr_par' dir='ltr' id='par_1_30' title="bbox 531 1807 2181 1888">
     <span class='ocr_line' id='line_1_30' title="bbox 531 1807 2181 1888; baseline -0.004 -14"><span class='ocrx_word' id='word_1_209' title='bbox 531 1813 603 1874; x_wconf 90' lang='lat' dir='ltr'><strong>ad</strong></span> <span class='ocrx_word' id='word_1_210' title='bbox 621 1811 767 1873; x_wconf 90' lang='lat' dir='ltr'><strong>duos</strong></span> <span class='ocrx_word' id='word_1_211' title='bbox 787 1821 1016 1873; x_wconf 88' lang='lat' dir='ltr'><strong>tantum</strong></span> <span class='ocrx_word' id='word_1_212' title='bbox 1041 1812 1170 1873; x_wconf 89' lang='lat' dir='ltr'><strong>dies</strong></span> <span class='ocrx_word' id='word_1_213' title='bbox 1205 1810 1593 1873; x_wconf 80' lang='lat' dir='ltr'><strong>manetzunde</strong></span> <span class='ocrx_word' id='word_1_214' title='bbox 1629 1835 1654 1866; x_wconf 75' lang='grc' dir='ltr'><strong>α</strong></span> <span class='ocrx_word' id='word_1_215' title='bbox 1682 1818 1739 1870; x_wconf 91' lang='lat' dir='ltr'><strong>et</strong></span> <span class='ocrx_word' id='word_1_216' title='bbox 1768 1809 1952 1870; x_wconf 84' lang='lat' dir='ltr'><strong>multo</strong></span> <span class='ocrx_word' id='word_1_217' title='bbox 1985 1807 2181 1888; x_wconf 89' lang='lat' dir='ltr'><strong>plures</strong></span> 
     </span>
    </p>
   </div>
   <div class='ocr_carea' id='block_1_31' title="bbox 527 1897 2187 1981">
    <p class='ocr_par' dir='ltr' id='par_1_31' title="bbox 527 1897 2187 1981">
     <span class='ocr_line' id='line_1_31' title="bbox 527 1897 2187 1981; baseline -0.002 -19"><span class='ocrx_word' id='word_1_218' title='bbox 527 1900 1168 1981; x_wconf 87' lang='lat' dir='ltr'><strong>credideruntpropter</strong></span> <span class='ocrx_word' id='word_1_219' title='bbox 1182 1899 1514 1962; x_wconf 87' lang='lat' dir='ltr'><strong>doctrinam</strong></span> <span class='ocrx_word' id='word_1_220' title='bbox 1538 1900 1688 1979; x_wconf 89' lang='lat' dir='ltr'><strong>ejus.</strong></span> <span class='ocrx_word' id='word_1_221' title='bbox 1706 1897 2002 1959; x_wconf 61' lang='lat' dir='ltr'><strong>sTametsi</strong></span> <span class='ocrx_word' id='word_1_222' title='bbox 2017 1915 2187 1958; x_wconf 90' lang='lat' dir='ltr'><strong>evan-</strong></span> 
     </span>
    </p>
   </div>
   <div class='ocr_carea' id='block_1_32' title="bbox 527 1986 2184 2070">
    <p class='ocr_par' dir='ltr' id='par_1_32' title="bbox 527 1986 2184 2070">
     <span class='ocr_line' id='line_1_32' title="bbox 527 1986 2184 2070; baseline -0.003 -18"><span class='ocrx_word' id='word_1_223' title='bbox 527 1991 739 2067; x_wconf 79' lang='lat' dir='ltr'><strong>gelista</strong></span> <span class='ocrx_word' id='word_1_224' title='bbox 760 2010 877 2052; x_wconf 89' lang='lat' dir='ltr'><strong>non</strong></span> <span class='ocrx_word' id='word_1_225' title='bbox 895 1999 1134 2052; x_wconf 88' lang='lat' dir='ltr'><strong>enarret</strong></span> <span class='ocrx_word' id='word_1_226' title='bbox 1158 1989 1549 2070; x_wconf 88' lang='lat' dir='ltr'><strong>particulatim</strong></span> <span class='ocrx_word' id='word_1_227' title='bbox 1577 1987 1874 2050; x_wconf 88' lang='lat' dir='ltr'><strong>mirabilia</strong></span> <span class='ocrx_word' id='word_1_228' title='bbox 1897 1986 2184 2048; x_wconf 70' lang='lat' dir='ltr'><strong>doctrina:</strong></span> 
     </span>
    </p>
   </div>
   <div class='ocr_carea' id='block_1_33' title="bbox 529 2075 2177 2160">
    <p class='ocr_par' dir='ltr' id='par_1_33' title="bbox 529 2075 2177 2160">
     <span class='ocr_line' id='line_1_33' title="bbox 529 2075 2177 2160; baseline -0.004 -18"><span class='ocrx_word' id='word_1_229' title='bbox 529 2081 660 2160; x_wconf 88' lang='lat' dir='ltr'><strong>ejus</strong></span> <span class='ocrx_word' id='word_1_230' title='bbox 691 2079 1113 2154; x_wconf 90' lang='lat' dir='ltr'><strong>verba,eventu</strong></span> <span class='ocrx_word' id='word_1_231' title='bbox 1135 2090 1330 2142; x_wconf 87' lang='lat' dir='ltr'><strong>tamen</strong></span> <span class='ocrx_word' id='word_1_232' title='bbox 1349 2079 1616 2151; x_wconf 88' lang='lat' dir='ltr'><strong>docet,ut</strong></span> <span class='ocrx_word' id='word_1_233' title='bbox 1641 2077 2037 2156; x_wconf 71' lang='lat' dir='ltr'><strong>intelligamus</strong></span> <span class='ocrx_word' id='word_1_234' title='bbox 2058 2075 2177 2136; x_wconf 86' lang='lat' dir='ltr'><strong>vir-</strong></span> 
     </span>
    </p>
   </div>
   <div class='ocr_carea' id='block_1_34' title="bbox 525 2165 2182 2231">
    <p class='ocr_par' dir='ltr' id='par_1_34' title="bbox 525 2165 2182 2231">
     <span class='ocr_line' id='line_1_34' title="bbox 525 2165 2182 2231; baseline -0.002 -1"><span class='ocrx_word' id='word_1_235' title='bbox 525 2178 710 2231; x_wconf 89' lang='lat' dir='ltr'><strong>tutem</strong></span> <span class='ocrx_word' id='word_1_236' title='bbox 741 2169 962 2230; x_wconf 73' lang='lat' dir='ltr'><strong>divinze</strong></span> <span class='ocrx_word' id='word_1_237' title='bbox 982 2170 1145 2231; x_wconf 88' lang='lat' dir='ltr'><strong>illius</strong></span> <span class='ocrx_word' id='word_1_238' title='bbox 1176 2169 1461 2230; x_wconf 63' lang='lat' dir='ltr'><strong>doctrina;</strong></span> <span class='ocrx_word' id='word_1_239' title='bbox 1493 2166 1639 2230; x_wconf 89' lang='lat' dir='ltr'><strong>Nam</strong></span> <span class='ocrx_word' id='word_1_240' title='bbox 1673 2175 1732 2228; x_wconf 93' lang='lat' dir='ltr'><strong>et</strong></span> <span class='ocrx_word' id='word_1_241' title='bbox 1763 2167 1942 2228; x_wconf 91' lang='lat' dir='ltr'><strong>multa</strong></span> <span class='ocrx_word' id='word_1_242' title='bbox 1977 2165 2089 2227; x_wconf 90' lang='lat' dir='ltr'><strong>alia</strong></span> <span class='ocrx_word' id='word_1_243' title='bbox 2123 2173 2182 2226; x_wconf 93' lang='lat' dir='ltr'><strong>et</strong></span> 
     </span>
    </p>
   </div>
   <div class='ocr_carea' id='block_1_35' title="bbox 528 2255 2175 2338">
    <p class='ocr_par' dir='ltr' id='par_1_35' title="bbox 528 2255 2175 2338">
     <span class='ocr_line' id='line_1_35' title="bbox 528 2255 2175 2338; baseline -0.004 -17"><span class='ocrx_word' id='word_1_244' title='bbox 528 2275 740 2338; x_wconf 77' lang='lat' dir='ltr'><strong>magna</strong></span> <span class='ocrx_word' id='word_1_245' title='bbox 754 2267 1064 2320; x_wconf 76' lang='lat' dir='ltr'><strong>transeunt</strong></span> <span class='ocrx_word' id='word_1_246' title='bbox 1082 2258 1562 2337; x_wconf 71' lang='lat' dir='ltr'><strong>evangeli.=.ta:,eo</strong></span> <span class='ocrx_word' id='word_1_247' title='bbox 1588 2256 1742 2336; x_wconf 90' lang='lat' dir='ltr'><strong>quod</strong></span> <span class='ocrx_word' id='word_1_248' title='bbox 1759 2274 1875 2316; x_wconf 87' lang='lat' dir='ltr'><strong>non</strong></span> <span class='ocrx_word' id='word_1_249' title='bbox 1894 2255 1965 2316; x_wconf 90' lang='lat' dir='ltr'><strong>ad</strong></span> <span class='ocrx_word' id='word_1_250' title='bbox 1985 2263 2175 2316; x_wconf 87' lang='lat' dir='ltr'><strong>osten-</strong></span> 
     </span>
    </p>
   </div>
   <div class='ocr_carea' id='block_1_36' title="bbox 533 2342 2176 2428">
    <p class='ocr_par' dir='ltr' id='par_1_36' title="bbox 533 2342 2176 2428">
     <span class='ocr_line' id='line_1_36' title="bbox 533 2342 2176 2428; baseline -0.002 -20"><span class='ocrx_word' id='word_1_251' title='bbox 533 2348 838 2428; x_wconf 87' lang='lat' dir='ltr'><strong>tationem,</strong></span> <span class='ocrx_word' id='word_1_252' title='bbox 861 2347 969 2408; x_wconf 85' lang='lat' dir='ltr'><strong>sed</strong></span> <span class='ocrx_word' id='word_1_253' title='bbox 999 2348 1071 2410; x_wconf 91' lang='lat' dir='ltr'><strong>ad</strong></span> <span class='ocrx_word' id='word_1_254' title='bbox 1105 2348 1411 2408; x_wconf 88' lang='lat' dir='ltr'><strong>veritatem</strong></span> <span class='ocrx_word' id='word_1_255' title='bbox 1437 2346 1855 2408; x_wconf 89' lang='lat' dir='ltr'><strong>declarandam</strong></span> <span class='ocrx_word' id='word_1_256' title='bbox 1887 2342 2176 2405; x_wconf 89' lang='lat' dir='ltr'><strong>scribunt.</strong></span> 
     </span>
    </p>
   </div>
   <div class='ocr_carea' id='block_1_37' title="bbox 529 2434 2178 2521">
    <p class='ocr_par' dir='ltr' id='par_1_37' title="bbox 529 2434 2178 2521">
     <span class='ocr_line' id='line_1_37' title="bbox 529 2434 2178 2521; baseline -0.003 -20"><span class='ocrx_word' id='word_1_257' title='bbox 529 2439 735 2521; x_wconf 88' lang='lat' dir='ltr'><strong>Itaque</strong></span> <span class='ocrx_word' id='word_1_258' title='bbox 761 2459 896 2500; x_wconf 91' lang='lat' dir='ltr'><strong>cum</strong></span> <span class='ocrx_word' id='word_1_259' title='bbox 929 2439 1218 2501; x_wconf 90' lang='lat' dir='ltr'><strong>Dominus</strong></span> <span class='ocrx_word' id='word_1_260' title='bbox 1249 2436 1574 2517; x_wconf 86' lang='lat' dir='ltr'><strong>essetapud</strong></span> <span class='ocrx_word' id='word_1_261' title='bbox 1595 2434 2178 2510; x_wconf 84' lang='lat' dir='ltr'><strong>Samaritanos,veri-</strong></span> 
     </span>
    </p>
   </div>
   <div class='ocr_carea' id='block_1_38' title="bbox 528 2525 2179 2607">
    <p class='ocr_par' dir='ltr' id='par_1_38' title="bbox 528 2525 2179 2607">
     <span class='ocr_line' id='line_1_38' title="bbox 528 2525 2179 2607; baseline -0.003 -17"><span class='ocrx_word' id='word_1_262' title='bbox 528 2528 722 2590; x_wconf 88' lang='lat' dir='ltr'><strong>simile</strong></span> <span class='ocrx_word' id='word_1_263' title='bbox 755 2536 842 2590; x_wconf 90' lang='lat' dir='ltr'><strong>est</strong></span> <span class='ocrx_word' id='word_1_264' title='bbox 873 2547 1009 2589; x_wconf 90' lang='lat' dir='ltr'><strong>eum</strong></span> <span class='ocrx_word' id='word_1_265' title='bbox 1040 2527 1335 2589; x_wconf 89' lang='lat' dir='ltr'><strong>diviniora</strong></span> <span class='ocrx_word' id='word_1_266' title='bbox 1374 2525 1643 2607; x_wconf 68' lang='lat' dir='ltr'><strong>quaedam</strong></span> <span class='ocrx_word' id='word_1_267' title='bbox 1686 2525 1987 2598; x_wconf 90' lang='lat' dir='ltr'><strong>docuisse;</strong></span> <span class='ocrx_word' id='word_1_268' title='bbox 2021 2527 2179 2585; x_wconf 89' lang='lat' dir='ltr'><strong>unde</strong></span> 
     </span>
    </p>
   </div>
   <div class='ocr_carea' id='block_1_39' title="bbox 529 2614 2174 2695">
    <p class='ocr_par' dir='ltr' id='par_1_39' title="bbox 529 2614 2174 2695">
     <span class='ocr_line' id='line_1_39' title="bbox 529 2614 2174 2695; baseline -0.002 -17"><span class='ocrx_word' id='word_1_269' title='bbox 529 2618 690 2679; x_wconf 91' lang='lat' dir='ltr'><strong>nullo</strong></span> <span class='ocrx_word' id='word_1_270' title='bbox 722 2619 841 2678; x_wconf 87' lang='lat' dir='ltr'><strong>viso</strong></span> <span class='ocrx_word' id='word_1_271' title='bbox 874 2616 1043 2695; x_wconf 82' lang='lat' dir='ltr'><strong>signo</strong></span> <span class='ocrx_word' id='word_1_272' title='bbox 1074 2617 1416 2690; x_wconf 91' lang='lat' dir='ltr'><strong>credunt,et</strong></span> <span class='ocrx_word' id='word_1_273' title='bbox 1458 2614 1779 2676; x_wconf 90' lang='lat' dir='ltr'><strong>obsecrant</strong></span> <span class='ocrx_word' id='word_1_274' title='bbox 1828 2627 1888 2674; x_wconf 83' lang='lat' dir='ltr'><strong>ut</strong></span> <span class='ocrx_word' id='word_1_275' title='bbox 1919 2619 2174 2675; x_wconf 90' lang='lat' dir='ltr'><strong>maneat.</strong></span> 
     </span>
    </p>
   </div>
   <div class='ocr_carea' id='block_1_40' title="bbox 525 2701 2175 2786">
    <p class='ocr_par' dir='ltr' id='par_1_40' title="bbox 525 2701 2175 2786">
     <span class='ocr_line' id='line_1_40' title="bbox 525 2701 2175 2786; baseline -0.004 -17"><span class='ocrx_word' id='word_1_276' title='bbox 525 2706 711 2770; x_wconf 66' lang='lat' dir='ltr'><strong>Judaei</strong></span> <span class='ocrx_word' id='word_1_277' title='bbox 742 2712 939 2767; x_wconf 91' lang='lat' dir='ltr'><strong>autem</strong></span> <span class='ocrx_word' id='word_1_278' title='bbox 971 2704 1243 2786; x_wconf 91' lang='lat' dir='ltr'><strong>quamvis</strong></span> <span class='ocrx_word' id='word_1_279' title='bbox 1275 2703 1542 2785; x_wconf 88' lang='lat' dir='ltr'><strong>pluribus</strong></span> <span class='ocrx_word' id='word_1_280' title='bbox 1587 2701 1968 2765; x_wconf 89' lang='lat' dir='ltr'><strong>sermonibus</strong></span> <span class='ocrx_word' id='word_1_281' title='bbox 1992 2711 2051 2763; x_wconf 94' lang='lat' dir='ltr'><strong>et</strong></span> <span class='ocrx_word' id='word_1_282' title='bbox 2090 2702 2175 2762; x_wconf 91' lang='lat' dir='ltr'><strong>si-</strong></span> 
     </span>
    </p>
   </div>
   <div class='ocr_carea' id='block_1_41' title="bbox 528 2789 2180 2876">
    <p class='ocr_par' dir='ltr' id='par_1_41' title="bbox 528 2789 2180 2876">
     <span class='ocr_line' id='line_1_41' title="bbox 528 2789 2180 2876; baseline -0.003 -19"><span class='ocrx_word' id='word_1_283' title='bbox 528 2799 657 2876; x_wconf 76' lang='lat' dir='ltr'><strong>gnis</strong></span> <span class='ocrx_word' id='word_1_284' title='bbox 669 2794 1218 2868; x_wconf 85' lang='lat' dir='ltr'><strong>fruerentur,adhuc</strong></span> <span class='ocrx_word' id='word_1_285' title='bbox 1235 2789 2028 2875; x_wconf 71' lang='lat' dir='ltr'><strong>persequenantunprofecto</strong></span> <span class='ocrx_word' id='word_1_286' title='bbox 2041 2791 2180 2852; x_wconf 69' lang='lat' dir='ltr'><strong>cini-</strong></span> 
     </span>
    </p>
   </div>
   <div class='ocr_carea' id='block_1_42' title="bbox 531 2881 2178 2964">
    <p class='ocr_par' dir='ltr' id='par_1_42' title="bbox 531 2881 2178 2964">
     <span class='ocr_line' id='line_1_42' title="bbox 531 2881 2178 2964; baseline -0.002 -17"><span class='ocrx_word' id='word_1_287' title='bbox 531 2885 669 2947; x_wconf 91' lang='lat' dir='ltr'><strong>mici</strong></span> <span class='ocrx_word' id='word_1_288' title='bbox 699 2884 984 2958; x_wconf 85' lang='lat' dir='ltr'><strong>hominis,</strong></span> <span class='ocrx_word' id='word_1_289' title='bbox 1016 2883 1327 2947; x_wconf 84' lang='lat' dir='ltr'><strong>domestici</strong></span> <span class='ocrx_word' id='word_1_290' title='bbox 1357 2884 1486 2964; x_wconf 84' lang='lat' dir='ltr'><strong>ejus</strong></span> <span class='ocrx_word' id='word_1_291' title='bbox 1511 2883 1588 2944; x_wconf 66' lang='lat' dir='ltr'><strong>3t.</strong></span> <span class='ocrx_word' id='word_1_292' title='bbox 1629 2907 1653 2940; x_wconf 72' lang='grc' dir='ltr'><strong>ν</strong></span> <span class='ocrx_word' id='word_1_293' title='bbox 1691 2882 1842 2944; x_wconf 90' lang='lat' dir='ltr'><strong>Vlde</strong></span> <span class='ocrx_word' id='word_1_294' title='bbox 1871 2881 2010 2943; x_wconf 89' lang='lat' dir='ltr'><strong>item</strong></span> <span class='ocrx_word' id='word_1_295' title='bbox 2035 2900 2178 2961; x_wconf 86' lang='lat' dir='ltr'><strong>quo-</strong></span> 
     </span>
    </p>
   </div>
   <div class='ocr_carea' id='block_1_43' title="bbox 530 2970 2177 3053">
    <p class='ocr_par' dir='ltr' id='par_1_43' title="bbox 530 2970 2177 3053">
     <span class='ocr_line' id='line_1_43' title="bbox 530 2970 2177 3053; baseline -0.003 -17"><span class='ocrx_word' id='word_1_296' title='bbox 530 2974 706 3036; x_wconf 90' lang='lat' dir='ltr'><strong>modo</strong></span> <span class='ocrx_word' id='word_1_297' title='bbox 735 2973 898 3036; x_wconf 91' lang='lat' dir='ltr'><strong>brevi</strong></span> <span class='ocrx_word' id='word_1_298' title='bbox 928 2973 1240 3037; x_wconf 89' lang='lat' dir='ltr'><strong>multitudo</strong></span> <span class='ocrx_word' id='word_1_299' title='bbox 1275 2974 1572 3053; x_wconf 78' lang='lat' dir='ltr'><strong>praecellat</strong></span> <span class='ocrx_word' id='word_1_300' title='bbox 1603 2991 1732 3034; x_wconf 91' lang='lat' dir='ltr'><strong>eam</strong></span> <span class='ocrx_word' id='word_1_301' title='bbox 1765 2991 1798 3033; x_wconf 91' lang='lat' dir='ltr'><strong>a</strong></span> <span class='ocrx_word' id='word_1_302' title='bbox 1839 2989 1954 3052; x_wconf 90' lang='lat' dir='ltr'><strong>qua</strong></span> <span class='ocrx_word' id='word_1_303' title='bbox 2006 2970 2177 3032; x_wconf 89' lang='lat' dir='ltr'><strong>docta</strong></span> 
     </span>
    </p>
   </div>
   <div class='ocr_carea' id='block_1_44' title="bbox 2207 1767 2241 1816">
    <p class='ocr_par' dir='ltr' id='par_1_44' title="bbox 2207 1767 2241 1816">
     <span class='ocr_line' id='line_1_44' title="bbox 2207 1767 2241 1816; baseline 0 0"><span class='ocrx_word' id='word_1_304' title='bbox 2207 1767 2241 1816; x_wconf 85' lang='grc' dir='ltr'>Β</span> 
     </span>
    </p>
   </div>
   <div class='ocr_carea' id='block_1_45' title="bbox 2263 1452 3972 1534">
    <p class='ocr_par' dir='ltr' id='par_1_45' title="bbox 2263 1452 3972 1534">
     <span class='ocr_line' id='line_1_45' title="bbox 2263 1452 3972 1534; baseline -0.002 -25"><span class='ocrx_word' id='word_1_305' title='bbox 2263 1454 2360 1520; x_wconf 68' lang='grc' dir='ltr'>τὴν</span> <span class='ocrx_word' id='word_1_306' title='bbox 2407 1456 2581 1510; x_wconf 89' lang='grc' dir='ltr'>πίστιν</span> <span class='ocrx_word' id='word_1_307' title='bbox 2637 1469 2754 1518; x_wconf 72' lang='grc' dir='ltr'>τοτς</span> <span class='ocrx_word' id='word_1_308' title='bbox 2810 1454 2983 1534; x_wconf 78' lang='grc' dir='ltr'><strong>ἔργοις</strong></span> <span class='ocrx_word' id='word_1_309' title='bbox 3025 1452 3341 1528; x_wconf 76' lang='grc' dir='ltr'>δεικνύντες,</span> <span class='ocrx_word' id='word_1_310' title='bbox 3389 1454 3756 1532; x_wconf 75' lang='grc' dir='ltr'><strong>παρεκάλουν</strong></span> <span class='ocrx_word' id='word_1_311' title='bbox 3798 1455 3972 1510; x_wconf 61' lang='grc' dir='ltr'>εὖτ-ὲν</span> 
     </span>
    </p>
   </div>
   <div class='ocr_carea' id='block_1_46' title="bbox 2266 1541 3971 1624">
    <p class='ocr_par' dir='ltr' id='par_1_46' title="bbox 2266 1541 3971 1624">
     <span class='ocr_line' id='line_1_46' title="bbox 2266 1541 3971 1624; baseline 0 -27"><span class='ocrx_word' id='word_1_312' title='bbox 2266 1541 2335 1598; x_wconf 77' lang='grc' dir='ltr'>δι’</span> <span class='ocrx_word' id='word_1_313' title='bbox 2364 1543 2489 1600; x_wconf 80' lang='grc' dir='ltr'>ὅλου</span> <span class='ocrx_word' id='word_1_314' title='bbox 2531 1541 2653 1624; x_wconf 85' lang='grc' dir='ltr'>παρ’</span> <span class='ocrx_word' id='word_1_315' title='bbox 2689 1544 2899 1609; x_wconf 79' lang='grc' dir='ltr'>ἑαυτοῖς</span> <span class='ocrx_word' id='word_1_316' title='bbox 2928 1549 3088 1601; x_wconf 87' lang='grc' dir='ltr'>εἶναι’</span> <span class='ocrx_word' id='word_1_317' title='bbox 3122 1545 3181 1600; x_wconf 80' lang='grc' dir='ltr'>τὸ</span> <span class='ocrx_word' id='word_1_318' title='bbox 3215 1545 3336 1622; x_wconf 71' lang='grc' dir='ltr'>γὰρ,</span> <span class='ocrx_word' id='word_1_319' title='bbox 3375 1566 3402 1596; x_wconf 83' lang='grc' dir='ltr'><strong>ιι</strong></span> <span class='ocrx_word' id='word_1_320' title='bbox 3436 1556 3656 1617; x_wconf 78' lang='grc' dir='ltr'>μεῖναι,</span> <span class='ocrx_word' id='word_1_321' title='bbox 3712 1567 3746 1597; x_wconf 71' lang='grc' dir='ltr'><strong>ι</strong></span> <span class='ocrx_word' id='word_1_322' title='bbox 3791 1550 3971 1598; x_wconf 72' lang='grc' dir='ltr'>τοῦτο</span> 
     </span>
    </p>
   </div>
   <div class='ocr_carea' id='block_1_47' title="bbox 2266 1624 3971 1712">
    <p class='ocr_par' dir='ltr' id='par_1_47' title="bbox 2266 1624 3971 1712">
     <span class='ocr_line' id='line_1_47' title="bbox 2266 1624 3971 1712; baseline -0.002 -24"><span class='ocrx_word' id='word_1_323' title='bbox 2266 1634 2511 1706; x_wconf 78' lang='grc' dir='ltr'>σημαίνει</span> <span class='ocrx_word' id='word_1_324' title='bbox 2565 1635 2624 1689; x_wconf 83' lang='grc' dir='ltr'>τὸ</span> <span class='ocrx_word' id='word_1_325' title='bbox 2675 1634 2987 1703; x_wconf 74' lang='grc' dir='ltr'><strong>κατοικῆσαι</strong></span> <span class='ocrx_word' id='word_1_326' title='bbox 3045 1633 3259 1698; x_wconf 77' lang='grc' dir='ltr'>τελείως</span> <span class='ocrx_word' id='word_1_327' title='bbox 3311 1630 3432 1712; x_wconf 85' lang='grc' dir='ltr'>παρ’</span> <span class='ocrx_word' id='word_1_328' title='bbox 3481 1635 3712 1697; x_wconf 72' lang='grc' dir='ltr'>αὒτυτς.</span> <span class='ocrx_word' id='word_1_329' title='bbox 3777 1624 3849 1690; x_wconf 65' lang='grc' dir='ltr'><strong>Ὀ</strong></span> <span class='ocrx_word' id='word_1_330' title='bbox 3916 1630 3971 1686; x_wconf 69' lang='grc' dir='ltr'><strong>δὲ</strong></span> 
     </span>
    </p>
   </div>
   <div class='ocr_carea' id='block_1_48' title="bbox 2265 1721 3962 1803">
    <p class='ocr_par' dir='ltr' id='par_1_48' title="bbox 2265 1721 3962 1803">
     <span class='ocr_line' id='line_1_48' title="bbox 2265 1721 3962 1803; baseline -0.001 -27"><span class='ocrx_word' id='word_1_331' title='bbox 2265 1725 2418 1782; x_wconf 76' lang='grc' dir='ltr'>τοῦτο</span> <span class='ocrx_word' id='word_1_332' title='bbox 2485 1724 2582 1794; x_wconf 74' lang='grc' dir='ltr'>μὲν</span> <span class='ocrx_word' id='word_1_333' title='bbox 2643 1723 2702 1780; x_wconf 74' lang='grc' dir='ltr'>οὒ</span> <span class='ocrx_word' id='word_1_334' title='bbox 2763 1724 3019 1803; x_wconf 87' lang='grc' dir='ltr'>πείθεται,</span> <span class='ocrx_word' id='word_1_335' title='bbox 3077 1721 3166 1779; x_wconf 85' lang='grc' dir='ltr'><strong>δύο</strong></span> <span class='ocrx_word' id='word_1_336' title='bbox 3194 1721 3250 1778; x_wconf 78' lang='grc' dir='ltr'><strong>δὲ</strong></span> <span class='ocrx_word' id='word_1_337' title='bbox 3293 1724 3456 1798; x_wconf 87' lang='grc' dir='ltr'>μόνας</span> <span class='ocrx_word' id='word_1_338' title='bbox 3486 1721 3710 1798; x_wconf 80' lang='grc' dir='ltr'>ἡμέρας</span> <span class='ocrx_word' id='word_1_339' title='bbox 3770 1722 3962 1797; x_wconf 68' lang='grc' dir='ltr'>μένει·</span> 
     </span>
    </p>
   </div>
   <div class='ocr_carea' id='block_1_49' title="bbox 2277 1809 3966 1886">
    <p class='ocr_par' dir='ltr' id='par_1_49' title="bbox 2277 1809 3966 1886">
     <span class='ocr_line' id='line_1_49' title="bbox 2277 1809 3966 1886; baseline -0.001 -20"><span class='ocrx_word' id='word_1_340' title='bbox 2277 1810 2388 1867; x_wconf 67' lang='grc' dir='ltr'>ὅθεν</span> <span class='ocrx_word' id='word_1_341' title='bbox 2444 1815 2532 1870; x_wconf 88' lang='grc' dir='ltr'>καὶ</span> <span class='ocrx_word' id='word_1_342' title='bbox 2582 1811 2767 1886; x_wconf 84' lang='grc' dir='ltr'>πολλῷ</span> <span class='ocrx_word' id='word_1_343' title='bbox 2836 1813 3047 1876; x_wconf 88' lang='grc' dir='ltr'>πλείους</span> <span class='ocrx_word' id='word_1_344' title='bbox 3119 1812 3290 1868; x_wconf 72' lang='grc' dir='ltr'>αὖτῶν</span> <span class='ocrx_word' id='word_1_345' title='bbox 3347 1811 3663 1870; x_wconf 81' lang='grc' dir='ltr'>ἐπίστευσαν</span> <span class='ocrx_word' id='word_1_346' title='bbox 3703 1809 3805 1868; x_wconf 71' lang='grc' dir='ltr'>διὰ</span> <span class='ocrx_word' id='word_1_347' title='bbox 3865 1811 3966 1877; x_wconf 64' lang='grc' dir='ltr'><strong>τὴν</strong></span> 
     </span>
    </p>
   </div>
   <div class='ocr_carea' id='block_1_50' title="bbox 2272 1898 3964 1980">
    <p class='ocr_par' dir='ltr' id='par_1_50' title="bbox 2272 1898 3964 1980">
     <span class='ocr_line' id='line_1_50' title="bbox 2272 1898 3964 1980; baseline 0.001 -26"><span class='ocrx_word' id='word_1_348' title='bbox 2272 1898 2605 1958; x_wconf 65' lang='grc' dir='ltr'>διδασκαλίαν</span> <span class='ocrx_word' id='word_1_349' title='bbox 2663 1902 2843 1963; x_wconf 70' lang='grc' dir='ltr'>αὐτοῦ.</span> <span class='ocrx_word' id='word_1_350' title='bbox 2908 1903 3004 1960; x_wconf 87' lang='grc' dir='ltr'><strong>Καὶ</strong></span> <span class='ocrx_word' id='word_1_351' title='bbox 3059 1903 3157 1980; x_wconf 79' lang='grc' dir='ltr'>γὰρ</span> <span class='ocrx_word' id='word_1_352' title='bbox 3203 1904 3230 1958; x_wconf 97' lang='lat'><strong>6</strong></span> <span class='ocrx_word' id='word_1_353' title='bbox 3262 1899 3646 1978; x_wconf 70' lang='grc' dir='ltr'>εὖαγγελιστὴς</span> <span class='ocrx_word' id='word_1_354' title='bbox 3686 1901 3802 1956; x_wconf 69' lang='grc' dir='ltr'>οὐκ</span> <span class='ocrx_word' id='word_1_355' title='bbox 3835 1898 3964 1965; x_wconf 73' lang='grc' dir='ltr'><strong>ἑξη-</strong></span> 
     </span>
    </p>
   </div>
   <div class='ocr_carea' id='block_1_51' title="bbox 2270 1987 3960 2070">
    <p class='ocr_par' dir='ltr' id='par_1_51' title="bbox 2270 1987 3960 2070">
     <span class='ocr_line' id='line_1_51' title="bbox 2270 1987 3960 2070; baseline 0.002 -24"><span class='ocrx_word' id='word_1_356' title='bbox 2270 2004 2444 2067; x_wconf 75' lang='grc' dir='ltr'>γεῖται</span> <span class='ocrx_word' id='word_1_357' title='bbox 2497 1991 2562 2047; x_wconf 75' lang='grc' dir='ltr'><strong>τὰ</strong></span> <span class='ocrx_word' id='word_1_358' title='bbox 2627 1991 2761 2049; x_wconf 82' lang='grc' dir='ltr'>κατὰ</span> <span class='ocrx_word' id='word_1_359' title='bbox 2831 1991 2990 2070; x_wconf 81' lang='grc' dir='ltr'>μὲρος</span> <span class='ocrx_word' id='word_1_360' title='bbox 3049 1991 3321 2066; x_wconf 78' lang='grc' dir='ltr'>θαυμαστὰ</span> <span class='ocrx_word' id='word_1_361' title='bbox 3390 1995 3488 2059; x_wconf 77' lang='grc' dir='ltr'>τῆς</span> <span class='ocrx_word' id='word_1_362' title='bbox 3575 1987 3960 2049; x_wconf 73' lang='grc' dir='ltr'>διδασκαλίας</span> 
     </span>
    </p>
   </div>
   <div class='ocr_carea' id='block_1_52' title="bbox 2270 2078 3956 2159">
    <p class='ocr_par' dir='ltr' id='par_1_52' title="bbox 2270 2078 3956 2159">
     <span class='ocr_line' id='line_1_52' title="bbox 2270 2078 3956 2159; baseline -0.001 -24"><span class='ocrx_word' id='word_1_363' title='bbox 2270 2081 2424 2136; x_wconf 71' lang='grc' dir='ltr'><strong>αύτοῦ</strong></span> <span class='ocrx_word' id='word_1_364' title='bbox 2493 2080 2728 2158; x_wconf 80' lang='grc' dir='ltr'>ῥήματα,</span> <span class='ocrx_word' id='word_1_365' title='bbox 2789 2079 2909 2138; x_wconf 82' lang='grc' dir='ltr'>ἀλλ’</span> <span class='ocrx_word' id='word_1_366' title='bbox 2971 2084 3107 2156; x_wconf 80' lang='grc' dir='ltr'>ἡμῖν</span> <span class='ocrx_word' id='word_1_367' title='bbox 3166 2102 3227 2159; x_wconf 89' lang='grc' dir='ltr'><strong>γε</strong></span> <span class='ocrx_word' id='word_1_368' title='bbox 3276 2078 3450 2136; x_wconf 82' lang='grc' dir='ltr'>δίδωσι</span> <span class='ocrx_word' id='word_1_369' title='bbox 3508 2093 3660 2136; x_wconf 70' lang='grc' dir='ltr'>νοεῖν</span> <span class='ocrx_word' id='word_1_370' title='bbox 3718 2078 3788 2134; x_wconf 78' lang='grc' dir='ltr'>ἐκ</span> <span class='ocrx_word' id='word_1_371' title='bbox 3860 2085 3956 2135; x_wconf 68' lang='grc' dir='ltr'>τοὺ</span> 
     </span>
    </p>
   </div>
   <div class='ocr_carea' id='block_1_53' title="bbox 2264 2167 3952 2247">
    <p class='ocr_par' dir='ltr' id='par_1_53' title="bbox 2264 2167 3952 2247">
     <span class='ocr_line' id='line_1_53' title="bbox 2264 2167 3952 2247; baseline 0 -25"><span class='ocrx_word' id='word_1_372' title='bbox 2264 2168 2446 2232; x_wconf 77' lang='grc' dir='ltr'>τέλους</span> <span class='ocrx_word' id='word_1_373' title='bbox 2501 2174 2605 2224; x_wconf 75' lang='grc' dir='ltr'>τῶν</span> <span class='ocrx_word' id='word_1_374' title='bbox 2676 2170 3003 2247; x_wconf 69' lang='grc' dir='ltr'>πραγμάτιον</span> <span class='ocrx_word' id='word_1_375' title='bbox 3047 2171 3145 2236; x_wconf 73' lang='grc' dir='ltr'><strong>τὴν</strong></span> <span class='ocrx_word' id='word_1_376' title='bbox 3175 2167 3390 2245; x_wconf 84' lang='grc' dir='ltr'>δύναμιν</span> <span class='ocrx_word' id='word_1_377' title='bbox 3431 2172 3529 2236; x_wconf 76' lang='grc' dir='ltr'>τῆς</span> <span class='ocrx_word' id='word_1_378' title='bbox 3560 2168 3717 2230; x_wconf 71' lang='grc' dir='ltr'>θείας</span> <span class='ocrx_word' id='word_1_379' title='bbox 3774 2167 3952 2226; x_wconf 65' lang='grc' dir='ltr'>αὐτού</span> 
     </span>
    </p>
   </div>
   <div class='ocr_carea' id='block_1_54' title="bbox 2263 2255 3944 2339">
    <p class='ocr_par' dir='ltr' id='par_1_54' title="bbox 2263 2255 3944 2339">
     <span class='ocr_line' id='line_1_54' title="bbox 2263 2255 3944 2339; baseline 0 -27"><span class='ocrx_word' id='word_1_380' title='bbox 2263 2255 2620 2320; x_wconf 70' lang='grc' dir='ltr'>διδασκαλίας.</span> <span class='ocrx_word' id='word_1_381' title='bbox 2685 2257 2865 2318; x_wconf 82' lang='grc' dir='ltr'>Πολλὰ</span> <span class='ocrx_word' id='word_1_382' title='bbox 2921 2262 3019 2339; x_wconf 79' lang='grc' dir='ltr'>γὰρ</span> <span class='ocrx_word' id='word_1_383' title='bbox 3079 2281 3160 2317; x_wconf 91' lang='grc' dir='ltr'><strong>τοι</strong></span> <span class='ocrx_word' id='word_1_384' title='bbox 3194 2260 3281 2315; x_wconf 85' lang='grc' dir='ltr'><strong>καὶ</strong></span> <span class='ocrx_word' id='word_1_385' title='bbox 3308 2264 3413 2314; x_wconf 83' lang='grc' dir='ltr'><strong>τῶν</strong></span> <span class='ocrx_word' id='word_1_386' title='bbox 3444 2256 3707 2334; x_wconf 77' lang='grc' dir='ltr'>μεγάλων</span> <span class='ocrx_word' id='word_1_387' title='bbox 3746 2279 3944 2332; x_wconf 79' lang='grc' dir='ltr'>παρα-</span> 
     </span>
    </p>
   </div>
   <div class='ocr_carea' id='block_1_55' title="bbox 2265 2345 3945 2428">
    <p class='ocr_par' dir='ltr' id='par_1_55' title="bbox 2265 2345 3945 2428">
     <span class='ocr_line' id='line_1_55' title="bbox 2265 2345 3945 2428; baseline 0 -27"><span class='ocrx_word' id='word_1_388' title='bbox 2265 2349 2543 2427; x_wconf 72' lang='grc' dir='ltr'>τρέχουσιν</span> <span class='ocrx_word' id='word_1_389' title='bbox 2603 2352 2650 2406; x_wconf 73' lang='lat' dir='ltr'><strong>oi</strong></span> <span class='ocrx_word' id='word_1_390' title='bbox 2704 2347 3092 2428; x_wconf 75' lang='grc' dir='ltr'>εὒαγγελισταὶ,</span> <span class='ocrx_word' id='word_1_391' title='bbox 3139 2349 3218 2405; x_wconf 78' lang='grc' dir='ltr'><strong>ὅτι</strong></span> <span class='ocrx_word' id='word_1_392' title='bbox 3251 2349 3327 2424; x_wconf 81' lang='grc' dir='ltr'>μὴ</span> <span class='ocrx_word' id='word_1_393' title='bbox 3371 2350 3502 2427; x_wconf 81' lang='grc' dir='ltr'>πρὸς</span> <span class='ocrx_word' id='word_1_394' title='bbox 3531 2345 3798 2410; x_wconf 68' lang='grc' dir='ltr'>ὲπῖδειξιν</span> <span class='ocrx_word' id='word_1_395' title='bbox 3853 2350 3945 2401; x_wconf 77' lang='grc' dir='ltr'>καὶ</span> 
     </span>
    </p>
   </div>
   <div class='ocr_carea' id='block_1_56' title="bbox 2263 2435 3940 2517">
    <p class='ocr_par' dir='ltr' id='par_1_56' title="bbox 2263 2435 3940 2517">
     <span class='ocr_line' id='line_1_56' title="bbox 2263 2435 3940 2517; baseline -0.001 -26"><span class='ocrx_word' id='word_1_396' title='bbox 2263 2436 2575 2515; x_wconf 67' lang='grc' dir='ltr'>φιλοτιμίαν</span> <span class='ocrx_word' id='word_1_397' title='bbox 2631 2436 2936 2517; x_wconf 71' lang='grc' dir='ltr'>γράφουσιν,</span> <span class='ocrx_word' id='word_1_398' title='bbox 2970 2438 3105 2494; x_wconf 73' lang='grc' dir='ltr'>ἀλλὰ</span> <span class='ocrx_word' id='word_1_399' title='bbox 3137 2441 3267 2516; x_wconf 80' lang='grc' dir='ltr'>πρὸς</span> <span class='ocrx_word' id='word_1_400' title='bbox 3315 2435 3588 2505; x_wconf 63' lang='grc' dir='ltr'>ἀληθειαν.</span> <span class='ocrx_word' id='word_1_401' title='bbox 3641 2437 3751 2493; x_wconf 76' lang='grc' dir='ltr'>Καὶ</span> <span class='ocrx_word' id='word_1_402' title='bbox 3783 2437 3940 2514; x_wconf 65' lang='grc' dir='ltr'>παρὰ</span> 
     </span>
    </p>
   </div>
   <div class='ocr_carea' id='block_1_57' title="bbox 2436 2526 3937 2605">
    <p class='ocr_par' dir='ltr' id='par_1_57' title="bbox 2436 2526 3937 2605">
     <span class='ocr_line' id='line_1_57' title="bbox 2436 2526 3937 2605; baseline -0.002 -23"><span class='ocrx_word' id='word_1_403' title='bbox 2436 2528 2785 2605; x_wconf 73' lang='grc' dir='ltr'>Σαμαρείταις</span> <span class='ocrx_word' id='word_1_404' title='bbox 2845 2528 2932 2584; x_wconf 71' lang='grc' dir='ltr'><strong>οὖν</strong></span> <span class='ocrx_word' id='word_1_405' title='bbox 2991 2529 3274 2604; x_wconf 84' lang='grc' dir='ltr'>γενόμενον</span> <span class='ocrx_word' id='word_1_406' title='bbox 3347 2529 3436 2584; x_wconf 80' lang='grc' dir='ltr'>τὸν</span> <span class='ocrx_word' id='word_1_407' title='bbox 3526 2527 3722 2602; x_wconf 79' lang='grc' dir='ltr'>Κύριον</span> <span class='ocrx_word' id='word_1_408' title='bbox 3781 2526 3937 2586; x_wconf 76' lang='grc' dir='ltr'>εἰκὸς</span> 
     </span>
    </p>
   </div>
   <div class='ocr_carea' id='block_1_58' title="bbox 2263 2610 3929 2694">
    <p class='ocr_par' dir='ltr' id='par_1_58' title="bbox 2263 2610 3929 2694">
     <span class='ocr_line' id='line_1_58' title="bbox 2263 2610 3929 2694; baseline -0.001 -24"><span class='ocrx_word' id='word_1_409' title='bbox 2263 2616 2498 2694; x_wconf 71' lang='grc' dir='ltr'>θειότερα</span> <span class='ocrx_word' id='word_1_410' title='bbox 2565 2638 2682 2672; x_wconf 87' lang='grc' dir='ltr'>τινα</span> <span class='ocrx_word' id='word_1_411' title='bbox 2737 2613 2956 2682; x_wconf 70' lang='grc' dir='ltr'>διδαξαιθ</span> <span class='ocrx_word' id='word_1_412' title='bbox 2990 2617 3107 2674; x_wconf 73' lang='grc' dir='ltr'>ὅθεν</span> <span class='ocrx_word' id='word_1_413' title='bbox 3152 2614 3269 2676; x_wconf 73' lang='grc' dir='ltr'><strong>οὐδὲ</strong></span> <span class='ocrx_word' id='word_1_414' title='bbox 3302 2629 3530 2691; x_wconf 85' lang='grc' dir='ltr'>σημεῖον</span> <span class='ocrx_word' id='word_1_415' title='bbox 3582 2610 3740 2673; x_wconf 72' lang='grc' dir='ltr'>οὗδὲν</span> <span class='ocrx_word' id='word_1_416' title='bbox 3772 2613 3929 2670; x_wconf 79' lang='grc' dir='ltr'>ἰδόν-</span> 
     </span>
    </p>
   </div>
   <div class='ocr_carea' id='block_1_59' title="bbox 2264 2701 3924 2780">
    <p class='ocr_par' dir='ltr' id='par_1_59' title="bbox 2264 2701 3924 2780">
     <span class='ocr_line' id='line_1_59' title="bbox 2264 2701 3924 2780; baseline -0.001 -20"><span class='ocrx_word' id='word_1_417' title='bbox 2264 2726 2368 2777; x_wconf 83' lang='grc' dir='ltr'>τες,</span> <span class='ocrx_word' id='word_1_418' title='bbox 2418 2705 2716 2762; x_wconf 84' lang='grc' dir='ltr'>πιστεύουσι</span> <span class='ocrx_word' id='word_1_419' title='bbox 2788 2708 2875 2762; x_wconf 85' lang='grc' dir='ltr'>καὶ</span> <span class='ocrx_word' id='word_1_420' title='bbox 2927 2705 3291 2772; x_wconf 81' lang='grc' dir='ltr'>παρακαλοῦσι</span> <span class='ocrx_word' id='word_1_421' title='bbox 3367 2705 3568 2780; x_wconf 81' lang='grc' dir='ltr'>μένειν.</span> <span class='ocrx_word' id='word_1_422' title='bbox 3654 2701 3924 2760; x_wconf 51' lang='grc' dir='ltr'>Ἰωαῖοι</span> 
     </span>
    </p>
   </div>
   <div class='ocr_carea' id='block_1_60' title="bbox 2265 2792 3918 2874">
    <p class='ocr_par' dir='ltr' id='par_1_60' title="bbox 2265 2792 3918 2874">
     <span class='ocr_line' id='line_1_60' title="bbox 2265 2792 3918 2874; baseline -0.001 -24"><span class='ocrx_word' id='word_1_423' title='bbox 2265 2792 2318 2850; x_wconf 72' lang='grc' dir='ltr'><strong>δὲ</strong></span> <span class='ocrx_word' id='word_1_424' title='bbox 2376 2795 2462 2850; x_wconf 83' lang='grc' dir='ltr'><strong>καὶ</strong></span> <span class='ocrx_word' id='word_1_425' title='bbox 2515 2793 2688 2873; x_wconf 84' lang='grc' dir='ltr'>λόγων</span> <span class='ocrx_word' id='word_1_426' title='bbox 2745 2796 2939 2874; x_wconf 82' lang='grc' dir='ltr'>μυρίων</span> <span class='ocrx_word' id='word_1_427' title='bbox 2995 2798 3082 2853; x_wconf 88' lang='grc' dir='ltr'>καὶ</span> <span class='ocrx_word' id='word_1_428' title='bbox 3111 2798 3348 2866; x_wconf 83' lang='grc' dir='ltr'>σημείων</span> <span class='ocrx_word' id='word_1_429' title='bbox 3375 2792 3918 2867; x_wconf 78' lang='grc' dir='ltr'>καταπολαύσαντες,</span> 
     </span>
    </p>
   </div>
   <div class='ocr_carea' id='block_1_61' title="bbox 2264 2882 3916 2966">
    <p class='ocr_par' dir='ltr' id='par_1_61' title="bbox 2264 2882 3916 2966">
     <span class='ocr_line' id='line_1_61' title="bbox 2264 2882 3916 2966; baseline -0.001 -27"><span class='ocrx_word' id='word_1_430' title='bbox 2264 2882 2336 2940; x_wconf 70' lang='grc' dir='ltr'><strong>ἔτι</strong></span> <span class='ocrx_word' id='word_1_431' title='bbox 2397 2883 2632 2957; x_wconf 80' lang='grc' dir='ltr'>ἐδίωκον,</span> <span class='ocrx_word' id='word_1_432' title='bbox 2693 2883 2857 2949; x_wconf 82' lang='grc' dir='ltr'>ὀίτως</span> <span class='ocrx_word' id='word_1_433' title='bbox 2907 2905 2931 2939; x_wconf 73' lang='grc' dir='ltr'>ι</span> <span class='ocrx_word' id='word_1_434' title='bbox 2967 2886 3144 2966; x_wconf 81' lang='grc' dir='ltr'>ἐχθροί</span> <span class='ocrx_word' id='word_1_435' title='bbox 3172 2896 3260 2944; x_wconf 73' lang='grc' dir='ltr'><strong>τοῦ</strong></span> <span class='ocrx_word' id='word_1_436' title='bbox 3303 2885 3574 2963; x_wconf 80' lang='grc' dir='ltr'>ἀνθρώπου</span> <span class='ocrx_word' id='word_1_437' title='bbox 3605 2886 3654 2938; x_wconf 84' lang='grc' dir='ltr'>οἱ</span> <span class='ocrx_word' id='word_1_438' title='bbox 3703 2884 3916 2938; x_wconf 82' lang='grc' dir='ltr'>οἰκεια-</span> 
     </span>
    </p>
   </div>
   <div class='ocr_carea' id='block_1_62' title="bbox 2261 2963 3916 3052">
    <p class='ocr_par' dir='ltr' id='par_1_62' title="bbox 2261 2963 3916 3052">
     <span class='ocr_line' id='line_1_62' title="bbox 2261 2963 3916 3052; baseline -0.001 -23"><span class='ocrx_word' id='word_1_439' title='bbox 2261 2975 2341 3029; x_wconf 75' lang='grc' dir='ltr'>κοὶ</span> <span class='ocrx_word' id='word_1_440' title='bbox 2374 2977 2548 3032; x_wconf 70' lang='grc' dir='ltr'>αὐτοῦ.</span> <span class='ocrx_word' id='word_1_441' title='bbox 2585 2993 2614 3032; x_wconf 77' lang='grc'><strong>)</strong></span> <span class='ocrx_word' id='word_1_442' title='bbox 2655 2963 2799 3048; x_wconf 65' lang='grc' dir='ltr'>’Ὅρα</span> <span class='ocrx_word' id='word_1_443' title='bbox 2841 2972 2894 3029; x_wconf 75' lang='grc' dir='ltr'><strong>δέ</strong></span> <span class='ocrx_word' id='word_1_444' title='bbox 2937 2963 3033 3050; x_wconf 76' lang='grc' dir='ltr'><strong>μοι</strong></span> <span class='ocrx_word' id='word_1_445' title='bbox 3069 2963 3238 3030; x_wconf 42' lang='grc' dir='ltr'>’πόσον</span> <span class='ocrx_word' id='word_1_446' title='bbox 3267 2973 3440 3052; x_wconf 77' lang='grc' dir='ltr'>βραχὺ</span> <span class='ocrx_word' id='word_1_447' title='bbox 3473 2973 3530 3028; x_wconf 78' lang='grc' dir='ltr'>τὸ</span> <span class='ocrx_word' id='word_1_448' title='bbox 3570 2969 3784 3039; x_wconf 77' lang='grc' dir='ltr'>πλῆθος</span> <span class='ocrx_word' id='word_1_449' title='bbox 3819 2974 3916 3038; x_wconf 71' lang='grc' dir='ltr'>τὴν</span> 
     </span>
    </p>
   </div>
   <div class='ocr_carea' id='block_1_63' title="bbox 2263 2540 2378 2589">
    <p class='ocr_par' dir='ltr' id='par_1_63' title="bbox 2263 2540 2378 2589">
     <span class='ocr_line' id='line_1_63' title="bbox 2263 2540 2378 2589; baseline -0.017 -8"><span class='ocrx_word' id='word_1_450' title='bbox 2263 2540 2378 2589; x_wconf 64' lang='grc' dir='ltr'>τοῗς</span> 
     </span>
    </p>
   </div>
   <div class='ocr_carea' id='block_1_64' title="bbox 523 3059 2175 3144">
    <p class='ocr_par' dir='ltr' id='par_1_64' title="bbox 523 3059 2168 3144">
     <span class='ocr_line' id='line_1_64' title="bbox 523 3059 2168 3144; baseline -0.002 -19"><span class='ocrx_word' id='word_1_451' title='bbox 523 3062 859 3125; x_wconf 79' lang='lat' dir='ltr'><strong>fueratznon</strong></span> <span class='ocrx_word' id='word_1_452' title='bbox 894 3063 1052 3124; x_wconf 92' lang='lat' dir='ltr'><strong>enim</strong></span> <span class='ocrx_word' id='word_1_453' title='bbox 1087 3063 1431 3144; x_wconf 87' lang='lat' dir='ltr'><strong>prophetam</strong></span> <span class='ocrx_word' id='word_1_454' title='bbox 1464 3071 1898 3143; x_wconf 88' lang='lat' dir='ltr'><strong>vocant,neque</strong></span> <span class='ocrx_word' id='word_1_455' title='bbox 1916 3059 2168 3123; x_wconf 85' lang='lat' dir='ltr'><strong>Salvato-</strong></span> 
     </span>
    </p>
   </div>
   <div class='ocr_carea' id='block_1_65' title="bbox 2263 3059 3915 3144">
    <p class='ocr_par' dir='ltr' id='par_1_65' title="bbox 2263 3059 3915 3142">
     <span class='ocr_line' id='line_1_65' title="bbox 2263 3059 3915 3142; baseline 0.006 -25"><span class='ocrx_word' id='word_1_456' title='bbox 2263 3059 2530 3127; x_wconf 64' lang='grc' dir='ltr'>διδάξασαν</span> <span class='ocrx_word' id='word_1_457' title='bbox 2589 3062 2776 3127; x_wconf 69' lang='grc' dir='ltr'>αὐτοὺς</span> <span class='ocrx_word' id='word_1_458' title='bbox 2831 3064 3271 3142; x_wconf 76' lang='grc' dir='ltr'>ὑπερηκόντισαν,</span> <span class='ocrx_word' id='word_1_459' title='bbox 3333 3063 3406 3120; x_wconf 78' lang='grc' dir='ltr'><strong>Οὗ</strong></span> <span class='ocrx_word' id='word_1_460' title='bbox 3464 3061 3563 3139; x_wconf 69' lang='grc' dir='ltr'><strong>γὰρ</strong></span> <span class='ocrx_word' id='word_1_461' title='bbox 3619 3062 3915 3139; x_wconf 65' lang='grc' dir='ltr'>προφήτην</span> 
     </span>
    </p>
   </div>
   <div class='ocr_carea' id='block_1_66' title="bbox 525 3140 2175 3233">
    <p class='ocr_par' dir='ltr' id='par_1_66' title="bbox 525 3140 2173 3233">
     <span class='ocr_line' id='line_1_66' title="bbox 525 3140 2173 3233; baseline -0.001 -21"><span class='ocrx_word' id='word_1_462' title='bbox 525 3169 649 3213; x_wconf 88' lang='lat' dir='ltr'><strong>rem</strong></span> <span class='ocrx_word' id='word_1_463' title='bbox 683 3150 884 3233; x_wconf 86' lang='lat' dir='ltr'><strong>Israel,</strong></span> <span class='ocrx_word' id='word_1_464' title='bbox 915 3151 1019 3213; x_wconf 89' lang='lat' dir='ltr'><strong>sed</strong></span> <span class='ocrx_word' id='word_1_465' title='bbox 1053 3140 1260 3213; x_wconf 81' lang='lat' dir='ltr'><strong>mundi</strong></span> <span class='ocrx_word' id='word_1_466' title='bbox 1288 3169 1303 3215; x_wconf 88' lang='lat'>:</span> <span class='ocrx_word' id='word_1_467' title='bbox 1339 3161 1398 3213; x_wconf 90' lang='lat' dir='ltr'><strong>et</strong></span> <span class='ocrx_word' id='word_1_468' title='bbox 1431 3171 1564 3212; x_wconf 93' lang='lat' dir='ltr'><strong>cum</strong></span> <span class='ocrx_word' id='word_1_469' title='bbox 1585 3140 1858 3224; x_wconf 75' lang='lat' dir='ltr'><strong>articulo,</strong></span> <span class='ocrx_word' id='word_1_470' title='bbox 1902 3177 1919 3205; x_wconf 74' lang='grc' dir='ltr'><strong>ι</strong></span> <span class='ocrx_word' id='word_1_471' title='bbox 1953 3149 2063 3211; x_wconf 89' lang='lat' dir='ltr'><strong>Hic</strong></span> <span class='ocrx_word' id='word_1_472' title='bbox 2083 3158 2173 3210; x_wconf 92' lang='lat' dir='ltr'><strong>est</strong></span> 
     </span>
    </p>
   </div>
   <div class='ocr_carea' id='block_1_67' title="bbox 2263 3140 3914 3233">
    <p class='ocr_par' dir='ltr' id='par_1_67' title="bbox 2263 3140 3914 3231">
     <span class='ocr_line' id='line_1_67' title="bbox 2263 3140 3914 3231; baseline -0.001 -24"><span class='ocrx_word' id='word_1_473' title='bbox 2263 3153 2410 3208; x_wconf 63' lang='grc' dir='ltr'>αὖτὸν</span> <span class='ocrx_word' id='word_1_474' title='bbox 2475 3149 2740 3229; x_wconf 80' lang='grc' dir='ltr'>λέγουσιν,</span> <span class='ocrx_word' id='word_1_475' title='bbox 2814 3140 2941 3210; x_wconf 23' lang='grc' dir='ltr'>οὐδὲ.</span> <span class='ocrx_word' id='word_1_476' title='bbox 2965 3159 3189 3231; x_wconf 77' lang='grc' dir='ltr'>Σωτῆρα</span> <span class='ocrx_word' id='word_1_477' title='bbox 3231 3161 3324 3210; x_wconf 81' lang='grc' dir='ltr'>τοῦ</span> <span class='ocrx_word' id='word_1_478' title='bbox 3367 3140 3605 3230; x_wconf 65' lang='grc' dir='ltr'>Ἰσραὴλ,</span> <span class='ocrx_word' id='word_1_479' title='bbox 3640 3147 3787 3204; x_wconf 79' lang='grc' dir='ltr'>ἀλλὰ</span> <span class='ocrx_word' id='word_1_480' title='bbox 3820 3156 3914 3206; x_wconf 76' lang='grc' dir='ltr'>τοῦ</span> 
     </span>
    </p>
   </div>
   <div class='ocr_carea' id='block_1_68' title="bbox 527 3239 2175 3320">
    <p class='ocr_par' dir='ltr' id='par_1_68' title="bbox 527 3240 2165 3320">
     <span class='ocr_line' id='line_1_68' title="bbox 527 3240 2165 3320; baseline -0.002 -16"><span class='ocrx_word' id='word_1_481' title='bbox 527 3241 812 3316; x_wconf 85' lang='lat' dir='ltr'><strong>Salvator,</strong></span> <span class='ocrx_word' id='word_1_482' title='bbox 857 3265 878 3295; x_wconf 74' lang='grc' dir='ltr'><strong>ι</strong></span> <span class='ocrx_word' id='word_1_483' title='bbox 909 3241 1011 3303; x_wconf 85' lang='lat' dir='ltr'><strong>Ille</strong></span> <span class='ocrx_word' id='word_1_484' title='bbox 1037 3240 1278 3320; x_wconf 84' lang='lat' dir='ltr'><strong>preprie</strong></span> <span class='ocrx_word' id='word_1_485' title='bbox 1312 3248 1369 3302; x_wconf 92' lang='lat' dir='ltr'><strong>et</strong></span> <span class='ocrx_word' id='word_1_486' title='bbox 1398 3259 1534 3302; x_wconf 86' lang='lat' dir='ltr'><strong>vere</strong></span> <span class='ocrx_word' id='word_1_487' title='bbox 1567 3240 1893 3302; x_wconf 89' lang='lat' dir='ltr'><strong>salvaturus</strong></span> <span class='ocrx_word' id='word_1_488' title='bbox 1936 3256 2165 3301; x_wconf 90' lang='lat' dir='ltr'><strong>omnes.</strong></span> 
     </span>
    </p>
   </div>
   <div class='ocr_carea' id='block_1_69' title="bbox 2263 3239 3911 3320">
    <p class='ocr_par' dir='ltr' id='par_1_69' title="bbox 2263 3239 3911 3320">
     <span class='ocr_line' id='line_1_69' title="bbox 2263 3239 3911 3320; baseline 0 -24"><span class='ocrx_word' id='word_1_489' title='bbox 2263 3241 2475 3317; x_wconf 57' lang='grc' dir='ltr'>κόσμου,</span> <span class='ocrx_word' id='word_1_490' title='bbox 2537 3243 2623 3298; x_wconf 84' lang='grc' dir='ltr'>καὶ</span> <span class='ocrx_word' id='word_1_491' title='bbox 2679 3242 2817 3317; x_wconf 79' lang='grc' dir='ltr'>μετὴ</span> <span class='ocrx_word' id='word_1_492' title='bbox 2869 3247 2960 3299; x_wconf 82' lang='grc' dir='ltr'><strong>τοῦ</strong></span> <span class='ocrx_word' id='word_1_493' title='bbox 3013 3241 3218 3320; x_wconf 72' lang='grc' dir='ltr'>ἄρθρου,</span> <span class='ocrx_word' id='word_1_494' title='bbox 3275 3263 3298 3297; x_wconf 72' lang='grc' dir='ltr'><strong>α</strong></span> <span class='ocrx_word' id='word_1_495' title='bbox 3336 3240 3500 3304; x_wconf 81' lang='grc' dir='ltr'>Οὗτός</span> <span class='ocrx_word' id='word_1_496' title='bbox 3534 3239 3675 3295; x_wconf 80' lang='grc' dir='ltr'>ἔστιν</span> <span class='ocrx_word' id='word_1_497' title='bbox 3715 3241 3744 3294; x_wconf 88' lang='lat'><strong>6</strong></span> <span class='ocrx_word' id='word_1_498' title='bbox 3777 3246 3911 3296; x_wconf 82' lang='grc' dir='ltr'>Σω-</span> 
     </span>
    </p>
   </div>
   <div class='ocr_carea' id='block_1_70' title="bbox 527 3322 2175 3409">
    <p class='ocr_par' dir='ltr' id='par_1_70' title="bbox 527 3329 2168 3409">
     <span class='ocr_line' id='line_1_70' title="bbox 527 3329 2168 3409; baseline -0.001 -19"><span class='ocrx_word' id='word_1_499' title='bbox 527 3331 834 3394; x_wconf 87' lang='lat' dir='ltr'><strong>Venerunt</strong></span> <span class='ocrx_word' id='word_1_500' title='bbox 862 3329 1021 3391; x_wconf 89' lang='lat' dir='ltr'><strong>enim</strong></span> <span class='ocrx_word' id='word_1_501' title='bbox 1056 3330 1224 3392; x_wconf 91' lang='lat' dir='ltr'><strong>multi</strong></span> <span class='ocrx_word' id='word_1_502' title='bbox 1249 3340 1313 3392; x_wconf 90' lang='lat' dir='ltr'><strong>ut</strong></span> <span class='ocrx_word' id='word_1_503' title='bbox 1341 3331 1655 3404; x_wconf 88' lang='lat' dir='ltr'><strong>salvarent,</strong></span> <span class='ocrx_word' id='word_1_504' title='bbox 1694 3339 1750 3392; x_wconf 90' lang='lat' dir='ltr'><strong>et</strong></span> <span class='ocrx_word' id='word_1_505' title='bbox 1780 3331 1898 3403; x_wconf 88' lang='lat' dir='ltr'><strong>lex,</strong></span> <span class='ocrx_word' id='word_1_506' title='bbox 1929 3338 1984 3390; x_wconf 92' lang='lat' dir='ltr'><strong>et</strong></span> <span class='ocrx_word' id='word_1_507' title='bbox 2025 3347 2168 3409; x_wconf 91' lang='lat' dir='ltr'><strong>pro-</strong></span> 
     </span>
    </p>
   </div>
   <div class='ocr_carea' id='block_1_71' title="bbox 2263 3322 3909 3409">
    <p class='ocr_par' dir='ltr' id='par_1_71' title="bbox 2263 3322 3909 3409">
     <span class='ocr_line' id='line_1_71' title="bbox 2263 3322 3909 3409; baseline -0.002 -24"><span class='ocrx_word' id='word_1_508' title='bbox 2263 3331 2372 3406; x_wconf 70' lang='grc' dir='ltr'>εὴρ,</span> <span class='ocrx_word' id='word_1_509' title='bbox 2426 3355 2453 3385; x_wconf 70' lang='grc' dir='ltr'>ι)</span> <span class='ocrx_word' id='word_1_510' title='bbox 2516 3333 2542 3387; x_wconf 91' lang='lat'><strong>6</strong></span> <span class='ocrx_word' id='word_1_511' title='bbox 2586 3332 2775 3409; x_wconf 85' lang='grc' dir='ltr'>κυρίως</span> <span class='ocrx_word' id='word_1_512' title='bbox 2843 3333 2931 3388; x_wconf 79' lang='grc' dir='ltr'>καὶ</span> <span class='ocrx_word' id='word_1_513' title='bbox 2981 3339 3058 3406; x_wconf 82' lang='grc' dir='ltr'>τῷ</span> <span class='ocrx_word' id='word_1_514' title='bbox 3088 3331 3196 3388; x_wconf 74' lang='grc' dir='ltr'>ὄντι</span> <span class='ocrx_word' id='word_1_515' title='bbox 3225 3331 3400 3394; x_wconf 86' lang='grc' dir='ltr'>σώσας</span> <span class='ocrx_word' id='word_1_516' title='bbox 3450 3328 3674 3391; x_wconf 73' lang='grc' dir='ltr'>πᾶντας,</span> <span class='ocrx_word' id='word_1_517' title='bbox 3711 3322 3909 3384; x_wconf 81' lang='grc' dir='ltr'>Ἦλθον</span> 
     </span>
    </p>
   </div>
   <div class='ocr_carea' id='block_1_72' title="bbox 526 3418 2057 3501">
    <p class='ocr_par' dir='ltr' id='par_1_72' title="bbox 526 3418 2057 3501">
     <span class='ocr_line' id='line_1_72' title="bbox 526 3418 2057 3501; baseline 0 -21"><span class='ocrx_word' id='word_1_518' title='bbox 526 3419 717 3501; x_wconf 64' lang='lat' dir='ltr'><strong>pbem</strong></span> <span class='ocrx_word' id='word_1_519' title='bbox 741 3434 797 3483; x_wconf 89' lang='lat' dir='ltr'><strong>et</strong></span> <span class='ocrx_word' id='word_1_520' title='bbox 821 3418 1038 3499; x_wconf 77' lang='lat' dir='ltr'><strong>angeli;</strong></span> <span class='ocrx_word' id='word_1_521' title='bbox 1071 3418 1177 3482; x_wconf 88' lang='lat' dir='ltr'><strong>sed</strong></span> <span class='ocrx_word' id='word_1_522' title='bbox 1200 3419 1298 3481; x_wconf 87' lang='lat' dir='ltr'><strong>hic</strong></span> <span class='ocrx_word' id='word_1_523' title='bbox 1328 3427 1418 3482; x_wconf 89' lang='lat' dir='ltr'><strong>est</strong></span> <span class='ocrx_word' id='word_1_524' title='bbox 1447 3419 1547 3482; x_wconf 90' lang='lat' dir='ltr'><strong>ille</strong></span> <span class='ocrx_word' id='word_1_525' title='bbox 1577 3437 1750 3481; x_wconf 89' lang='lat' dir='ltr'><strong>verus</strong></span> <span class='ocrx_word' id='word_1_526' title='bbox 1770 3418 2057 3482; x_wconf 89' lang='lat' dir='ltr'><strong>Salvator.</strong></span> 
     </span>
    </p>
   </div>
   <div class='ocr_carea' id='block_1_73' title="bbox 613 3600 2172 3675">
    <p class='ocr_par' dir='ltr' id='par_1_73' title="bbox 613 3600 2172 3675">
     <span class='ocr_line' id='line_1_73' title="bbox 613 3600 2172 3675; baseline -0.001 -12"><span class='ocrx_word' id='word_1_527' title='bbox 613 3604 794 3665; x_wconf 67' lang='lat' dir='ltr'><strong>Vens.</strong></span> <span class='ocrx_word' id='word_1_528' title='bbox 817 3602 1034 3667; x_wconf 76' lang='grc'><strong>43-45.</strong></span> <span class='ocrx_word' id='word_1_529' title='bbox 1065 3628 1092 3658; x_wconf 81' lang='grc'>«</span> <span class='ocrx_word' id='word_1_530' title='bbox 1122 3606 1260 3666; x_wconf 85' lang='lat' dir='ltr'><strong>Post</strong></span> <span class='ocrx_word' id='word_1_531' title='bbox 1282 3602 1433 3664; x_wconf 91' lang='lat' dir='ltr'><strong>duos</strong></span> <span class='ocrx_word' id='word_1_532' title='bbox 1454 3609 1649 3665; x_wconf 90' lang='lat' dir='ltr'><strong>autem</strong></span> <span class='ocrx_word' id='word_1_533' title='bbox 1687 3601 1816 3664; x_wconf 90' lang='lat' dir='ltr'><strong>dies</strong></span> <span class='ocrx_word' id='word_1_534' title='bbox 1847 3601 1986 3663; x_wconf 84' lang='lat' dir='ltr'><strong>exiit</strong></span> <span class='ocrx_word' id='word_1_535' title='bbox 2011 3600 2172 3675; x_wconf 87' lang='lat' dir='ltr'><strong>inde,</strong></span> 
     </span>
    </p>
   </div>
   <div class='ocr_carea' id='block_1_74' title="bbox 531 3689 2178 3773">
    <p class='ocr_par' dir='ltr' id='par_1_74' title="bbox 531 3689 2178 3773">
     <span class='ocr_line' id='line_1_74' title="bbox 531 3689 2178 3773; baseline -0.003 -18"><span class='ocrx_word' id='word_1_536' title='bbox 531 3701 589 3755; x_wconf 90' lang='lat' dir='ltr'><strong>et</strong></span> <span class='ocrx_word' id='word_1_537' title='bbox 615 3691 758 3754; x_wconf 90' lang='lat' dir='ltr'><strong>abiit</strong></span> <span class='ocrx_word' id='word_1_538' title='bbox 788 3692 850 3752; x_wconf 91' lang='lat' dir='ltr'><strong>in</strong></span> <span class='ocrx_word' id='word_1_539' title='bbox 873 3692 1198 3756; x_wconf 73' lang='lat' dir='ltr'><strong>Galilaeam.</strong></span> <span class='ocrx_word' id='word_1_540' title='bbox 1226 3691 1358 3773; x_wconf 89' lang='lat' dir='ltr'><strong>Ipse</strong></span> <span class='ocrx_word' id='word_1_541' title='bbox 1409 3691 1570 3753; x_wconf 89' lang='lat' dir='ltr'><strong>enim</strong></span> <span class='ocrx_word' id='word_1_542' title='bbox 1599 3689 1776 3754; x_wconf 84' lang='lat' dir='ltr'><strong>Jesus</strong></span> <span class='ocrx_word' id='word_1_543' title='bbox 1811 3699 2057 3752; x_wconf 87' lang='lat' dir='ltr'><strong>testatus</strong></span> <span class='ocrx_word' id='word_1_544' title='bbox 2089 3697 2178 3751; x_wconf 88' lang='lat' dir='ltr'><strong>est</strong></span> 
     </span>
    </p>
   </div>
   <div class='ocr_carea' id='block_1_75' title="bbox 526 3778 2167 3862">
    <p class='ocr_par' dir='ltr' id='par_1_75' title="bbox 526 3778 2167 3862">
     <span class='ocr_line' id='line_1_75' title="bbox 526 3778 2167 3862; baseline -0.002 -20"><span class='ocrx_word' id='word_1_545' title='bbox 526 3780 683 3862; x_wconf 92' lang='lat' dir='ltr'><strong>quod</strong></span> <span class='ocrx_word' id='word_1_546' title='bbox 708 3780 995 3862; x_wconf 88' lang='lat' dir='ltr'><strong>propheta</strong></span> <span class='ocrx_word' id='word_1_547' title='bbox 1024 3780 1081 3841; x_wconf 93' lang='lat' dir='ltr'><strong>in</strong></span> <span class='ocrx_word' id='word_1_548' title='bbox 1104 3798 1210 3841; x_wconf 92' lang='lat' dir='ltr'><strong>sua</strong></span> <span class='ocrx_word' id='word_1_549' title='bbox 1240 3779 1426 3862; x_wconf 88' lang='lat' dir='ltr'><strong>patria</strong></span> <span class='ocrx_word' id='word_1_550' title='bbox 1452 3780 1740 3841; x_wconf 90' lang='lat' dir='ltr'><strong>honorem</strong></span> <span class='ocrx_word' id='word_1_551' title='bbox 1761 3797 1880 3840; x_wconf 93' lang='lat' dir='ltr'><strong>non</strong></span> <span class='ocrx_word' id='word_1_552' title='bbox 1899 3778 2167 3841; x_wconf 89' lang='lat' dir='ltr'><strong>haberet.</strong></span> 
     </span>
    </p>
   </div>
   <div class='ocr_carea' id='block_1_76' title="bbox 525 3867 2168 3950">
    <p class='ocr_par' dir='ltr' id='par_1_76' title="bbox 525 3867 2168 3950">
     <span class='ocr_line' id='line_1_76' title="bbox 525 3867 2168 3950; baseline -0.003 -17"><span class='ocrx_word' id='word_1_553' title='bbox 525 3874 669 3934; x_wconf 90' lang='lat' dir='ltr'><strong>Cum</strong></span> <span class='ocrx_word' id='word_1_554' title='bbox 693 3888 832 3946; x_wconf 71' lang='lat' dir='ltr'><strong>ergo</strong></span> <span class='ocrx_word' id='word_1_555' title='bbox 882 3869 1145 3930; x_wconf 89' lang='lat' dir='ltr'><strong>venisset</strong></span> <span class='ocrx_word' id='word_1_556' title='bbox 1169 3867 1228 3929; x_wconf 92' lang='lat' dir='ltr'><strong>in</strong></span> <span class='ocrx_word' id='word_1_557' title='bbox 1260 3868 1584 3944; x_wconf 72' lang='lat' dir='ltr'><strong>Galilaeam,</strong></span> <span class='ocrx_word' id='word_1_558' title='bbox 1624 3876 1988 3950; x_wconf 82' lang='lat' dir='ltr'><strong>exceperunt</strong></span> <span class='ocrx_word' id='word_1_559' title='bbox 2035 3886 2168 3929; x_wconf 90' lang='lat' dir='ltr'><strong>eum</strong></span> 
     </span>
    </p>
   </div>
   <div class='ocr_carea' id='block_1_77' title="bbox 523 3956 2168 4039">
    <p class='ocr_par' dir='ltr' id='par_1_77' title="bbox 523 3956 2168 4039">
     <span class='ocr_line' id='line_1_77' title="bbox 523 3956 2168 4039; baseline -0.002 -17"><span class='ocrx_word' id='word_1_560' title='bbox 523 3957 912 4029; x_wconf 76' lang='lat' dir='ltr'><strong>Galilaei,cum</strong></span> <span class='ocrx_word' id='word_1_561' title='bbox 944 3959 1143 4018; x_wconf 91' lang='lat' dir='ltr'><strong>omnia</strong></span> <span class='ocrx_word' id='word_1_562' title='bbox 1172 3956 1459 4020; x_wconf 87' lang='lat' dir='ltr'><strong>vidissent</strong></span> <span class='ocrx_word' id='word_1_563' title='bbox 1479 3976 1611 4039; x_wconf 65' lang='lat' dir='ltr'><strong>qua:</strong></span> <span class='ocrx_word' id='word_1_564' title='bbox 1637 3957 1861 4019; x_wconf 87' lang='lat' dir='ltr'><strong>fecerat</strong></span> <span class='ocrx_word' id='word_1_565' title='bbox 1880 3956 2168 4018; x_wconf 85' lang='lat' dir='ltr'><strong>Hieroso-</strong></span> 
     </span>
    </p>
   </div>
   <div class='ocr_carea' id='block_1_78' title="bbox 524 4043 2170 4129">
    <p class='ocr_par' dir='ltr' id='par_1_78' title="bbox 524 4043 2170 4129">
     <span class='ocr_line' id='line_1_78' title="bbox 524 4043 2170 4129; baseline -0.002 -20"><span class='ocrx_word' id='word_1_566' title='bbox 524 4047 695 4129; x_wconf 83' lang='lat' dir='ltr'><strong>lymis</strong></span> <span class='ocrx_word' id='word_1_567' title='bbox 715 4047 774 4109; x_wconf 92' lang='lat' dir='ltr'><strong>in</strong></span> <span class='ocrx_word' id='word_1_568' title='bbox 805 4046 903 4107; x_wconf 90' lang='lat' dir='ltr'><strong>die</strong></span> <span class='ocrx_word' id='word_1_569' title='bbox 926 4046 1240 4127; x_wconf 81' lang='lat' dir='ltr'><strong>festo;nam</strong></span> <span class='ocrx_word' id='word_1_570' title='bbox 1270 4057 1329 4109; x_wconf 86' lang='lat' dir='ltr'><strong>et</strong></span> <span class='ocrx_word' id='word_1_571' title='bbox 1365 4046 1478 4127; x_wconf 90' lang='lat' dir='ltr'><strong>ipsi</strong></span> <span class='ocrx_word' id='word_1_572' title='bbox 1507 4055 1788 4109; x_wconf 86' lang='lat' dir='ltr'><strong>venerant</strong></span> <span class='ocrx_word' id='word_1_573' title='bbox 1808 4047 1883 4108; x_wconf 92' lang='lat' dir='ltr'><strong>ad</strong></span> <span class='ocrx_word' id='word_1_574' title='bbox 1906 4045 2064 4107; x_wconf 91' lang='lat' dir='ltr'><strong>diem</strong></span> <span class='ocrx_word' id='word_1_575' title='bbox 2090 4043 2170 4106; x_wconf 80' lang='lat' dir='ltr'><strong>fe.</strong></span> 
     </span>
    </p>
   </div>
   <div class='ocr_carea' id='block_1_79' title="bbox 522 4135 2171 4219">
    <p class='ocr_par' dir='ltr' id='par_1_79' title="bbox 522 4135 2171 4219">
     <span class='ocr_line' id='line_1_79' title="bbox 522 4135 2171 4219; baseline -0.002 -21"><span class='ocrx_word' id='word_1_576' title='bbox 522 4139 894 4200; x_wconf 83' lang='lat' dir='ltr'><strong>stum.»Cum</strong></span> <span class='ocrx_word' id='word_1_577' title='bbox 926 4136 1144 4200; x_wconf 81' lang='lat' dir='ltr'><strong>exisset</strong></span> <span class='ocrx_word' id='word_1_578' title='bbox 1169 4156 1203 4199; x_wconf 91' lang='lat' dir='ltr'><strong>a</strong></span> <span class='ocrx_word' id='word_1_579' title='bbox 1229 4137 1490 4200; x_wconf 88' lang='lat' dir='ltr'><strong>Samaria</strong></span> <span class='ocrx_word' id='word_1_580' title='bbox 1515 4137 1829 4219; x_wconf 89' lang='lat' dir='ltr'><strong>Dominus,</strong></span> <span class='ocrx_word' id='word_1_581' title='bbox 1855 4136 1916 4198; x_wconf 92' lang='lat' dir='ltr'><strong>in</strong></span> <span class='ocrx_word' id='word_1_582' title='bbox 1940 4135 2171 4199; x_wconf 70' lang='lat' dir='ltr'><strong>Galilae-</strong></span> 
     </span>
    </p>
   </div>
   <div class='ocr_carea' id='block_1_80' title="bbox 521 4224 2172 4308">
    <p class='ocr_par' dir='ltr' id='par_1_80' title="bbox 521 4224 2172 4308">
     <span class='ocr_line' id='line_1_80' title="bbox 521 4224 2172 4308; baseline -0.002 -20"><span class='ocrx_word' id='word_1_583' title='bbox 521 4245 614 4288; x_wconf 89' lang='lat' dir='ltr'><strong>am</strong></span> <span class='ocrx_word' id='word_1_584' title='bbox 638 4226 988 4307; x_wconf 83' lang='lat' dir='ltr'><strong>digreditur.</strong></span> <span class='ocrx_word' id='word_1_585' title='bbox 1013 4225 1245 4289; x_wconf 89' lang='lat' dir='ltr'><strong>Deinde</strong></span> <span class='ocrx_word' id='word_1_586' title='bbox 1279 4247 1351 4289; x_wconf 91' lang='lat' dir='ltr'><strong>ne</strong></span> <span class='ocrx_word' id='word_1_587' title='bbox 1377 4228 1510 4308; x_wconf 87' lang='lat' dir='ltr'><strong>quis</strong></span> <span class='ocrx_word' id='word_1_588' title='bbox 1553 4227 1814 4308; x_wconf 89' lang='lat' dir='ltr'><strong>inquirat</strong></span> <span class='ocrx_word' id='word_1_589' title='bbox 1847 4234 1905 4286; x_wconf 90' lang='lat' dir='ltr'><strong>et</strong></span> <span class='ocrx_word' id='word_1_590' title='bbox 1937 4224 2172 4286; x_wconf 86' lang='lat' dir='ltr'><strong>dubitet</strong></span> 
     </span>
    </p>
   </div>
   <div class='ocr_carea' id='block_1_81' title="bbox 522 4314 2172 4396">
    <p class='ocr_par' dir='ltr' id='par_1_81' title="bbox 522 4314 2172 4396">
     <span class='ocr_line' id='line_1_81' title="bbox 522 4314 2172 4396; baseline -0.001 -20"><span class='ocrx_word' id='word_1_591' title='bbox 522 4334 704 4396; x_wconf 89' lang='lat' dir='ltr'><strong>quare</strong></span> <span class='ocrx_word' id='word_1_592' title='bbox 734 4335 851 4377; x_wconf 93' lang='lat' dir='ltr'><strong>non</strong></span> <span class='ocrx_word' id='word_1_593' title='bbox 868 4335 989 4376; x_wconf 73' lang='lat' dir='ltr'><strong>som</strong></span> <span class='ocrx_word' id='word_1_594' title='bbox 1000 4335 1105 4396; x_wconf 87' lang='lat' dir='ltr'><strong>per</strong></span> <span class='ocrx_word' id='word_1_595' title='bbox 1123 4326 1357 4378; x_wconf 89' lang='lat' dir='ltr'><strong>maneat</strong></span> <span class='ocrx_word' id='word_1_596' title='bbox 1380 4318 1438 4377; x_wconf 91' lang='lat' dir='ltr'><strong>in</strong></span> <span class='ocrx_word' id='word_1_597' title='bbox 1458 4315 1830 4396; x_wconf 64' lang='lat' dir='ltr'><strong>Galilaaa,sed</strong></span> <span class='ocrx_word' id='word_1_598' title='bbox 1861 4332 1966 4396; x_wconf 91' lang='lat' dir='ltr'><strong>per</strong></span> <span class='ocrx_word' id='word_1_599' title='bbox 1990 4314 2172 4375; x_wconf 92' lang='lat' dir='ltr'><strong>inter-</strong></span> 
     </span>
    </p>
   </div>
   <div class='ocr_carea' id='block_1_82' title="bbox 2197 4362 2238 4410">
    <p class='ocr_par' dir='ltr' id='par_1_82' title="bbox 2197 4362 2238 4410">
     <span class='ocr_line' id='line_1_82' title="bbox 2197 4362 2238 4410; baseline 0 0"><span class='ocrx_word' id='word_1_600' title='bbox 2197 4362 2238 4410; x_wconf 94' lang='lat' dir='ltr'><strong>D</strong></span> 
     </span>
    </p>
   </div>
   <div class='ocr_carea' id='block_1_83' title="bbox 2257 3418 3904 3501">
    <p class='ocr_par' dir='ltr' id='par_1_83' title="bbox 2257 3418 3904 3501">
     <span class='ocr_line' id='line_1_83' title="bbox 2257 3418 3904 3501; baseline 0 -27"><span class='ocrx_word' id='word_1_601' title='bbox 2257 3421 2354 3494; x_wconf 71' lang='grc' dir='ltr'>μὲν</span> <span class='ocrx_word' id='word_1_602' title='bbox 2427 3422 2526 3500; x_wconf 82' lang='grc' dir='ltr'>γὰρ</span> <span class='ocrx_word' id='word_1_603' title='bbox 2556 3418 2742 3477; x_wconf 85' lang='grc' dir='ltr'>πολλοὶ</span> <span class='ocrx_word' id='word_1_604' title='bbox 2773 3424 2964 3501; x_wconf 82' lang='grc' dir='ltr'>σῶσαι,</span> <span class='ocrx_word' id='word_1_605' title='bbox 2995 3423 3083 3478; x_wconf 85' lang='grc' dir='ltr'><strong>καὶ</strong></span> <span class='ocrx_word' id='word_1_606' title='bbox 3114 3421 3298 3496; x_wconf 82' lang='grc' dir='ltr'>νόμος,</span> <span class='ocrx_word' id='word_1_607' title='bbox 3330 3421 3418 3477; x_wconf 85' lang='grc' dir='ltr'><strong>καὶ</strong></span> <span class='ocrx_word' id='word_1_608' title='bbox 3475 3423 3764 3499; x_wconf 77' lang='grc' dir='ltr'>προφῆται,</span> <span class='ocrx_word' id='word_1_609' title='bbox 3815 3422 3904 3475; x_wconf 78' lang='grc' dir='ltr'>καὶ</span> 
     </span>
    </p>
   </div>
   <div class='ocr_carea' id='block_1_84' title="bbox 2258 3507 3598 3588">
    <p class='ocr_par' dir='ltr' id='par_1_84' title="bbox 2258 3507 3598 3588">
     <span class='ocr_line' id='line_1_84' title="bbox 2258 3507 3598 3588; baseline 0.006 -24"><span class='ocrx_word' id='word_1_610' title='bbox 2258 3507 2498 3588; x_wconf 65' lang='grc' dir='ltr'>ἄγγελοι,</span> <span class='ocrx_word' id='word_1_611' title='bbox 2531 3508 2652 3567; x_wconf 78' lang='grc' dir='ltr'>ἀλλ’</span> <span class='ocrx_word' id='word_1_612' title='bbox 2682 3509 2834 3576; x_wconf 80' lang='grc' dir='ltr'>οὗτός</span> <span class='ocrx_word' id='word_1_613' title='bbox 2863 3513 3004 3567; x_wconf 67' lang='grc' dir='ltr'>ἔστιν</span> <span class='ocrx_word' id='word_1_614' title='bbox 3036 3514 3063 3568; x_wconf 93' lang='lat'><strong>6</strong></span> <span class='ocrx_word' id='word_1_615' title='bbox 3093 3511 3340 3579; x_wconf 83' lang='grc' dir='ltr'>ἀληθινὸς</span> <span class='ocrx_word' id='word_1_616' title='bbox 3386 3510 3598 3587; x_wconf 75' lang='grc' dir='ltr'>Σωτὴρ.</span> 
     </span>
    </p>
   </div>
   <div class='ocr_carea' id='block_1_85' title="bbox 2345 3597 3900 3680">
    <p class='ocr_par' dir='ltr' id='par_1_85' title="bbox 2345 3597 3900 3680">
     <span class='ocr_line' id='line_1_85' title="bbox 2345 3597 3900 3680; baseline 0 -25"><span class='ocrx_word' id='word_1_617' title='bbox 2345 3619 2370 3655; x_wconf 72' lang='grc' dir='ltr'>ι</span> <span class='ocrx_word' id='word_1_618' title='bbox 2427 3600 2571 3656; x_wconf 79' lang='grc' dir='ltr'>Μετὰ</span> <span class='ocrx_word' id='word_1_619' title='bbox 2628 3597 2682 3654; x_wconf 70' lang='grc' dir='ltr'><strong>δὲ</strong></span> <span class='ocrx_word' id='word_1_620' title='bbox 2752 3600 2847 3664; x_wconf 79' lang='grc' dir='ltr'><strong>τὰς</strong></span> <span class='ocrx_word' id='word_1_621' title='bbox 2879 3597 2965 3657; x_wconf 84' lang='grc' dir='ltr'>δύο</span> <span class='ocrx_word' id='word_1_622' title='bbox 3018 3600 3219 3680; x_wconf 75' lang='grc' dir='ltr'>ἡμέρας</span> <span class='ocrx_word' id='word_1_623' title='bbox 3275 3597 3490 3666; x_wconf 79' lang='grc' dir='ltr'>ἐξῆλθεν</span> <span class='ocrx_word' id='word_1_624' title='bbox 3533 3598 3759 3672; x_wconf 78' lang='grc' dir='ltr'>ἐκεῖθεν,</span> <span class='ocrx_word' id='word_1_625' title='bbox 3812 3601 3900 3655; x_wconf 79' lang='grc' dir='ltr'><strong>καὶ</strong></span> 
     </span>
    </p>
   </div>
   <div class='ocr_carea' id='block_1_86' title="bbox 2261 3687 3898 3767">
    <p class='ocr_par' dir='ltr' id='par_1_86' title="bbox 2261 3687 3898 3767">
     <span class='ocr_line' id='line_1_86' title="bbox 2261 3687 3898 3767; baseline 0.001 -24"><span class='ocrx_word' id='word_1_626' title='bbox 2261 3688 2492 3754; x_wconf 65' lang='grc' dir='ltr'>ἀπῆλθεν</span> <span class='ocrx_word' id='word_1_627' title='bbox 2552 3690 2624 3752; x_wconf 69' lang='grc' dir='ltr'>εἰς</span> <span class='ocrx_word' id='word_1_628' title='bbox 2695 3689 2794 3756; x_wconf 72' lang='grc' dir='ltr'><strong>τὴν</strong></span> <span class='ocrx_word' id='word_1_629' title='bbox 2869 3688 3176 3747; x_wconf 78' lang='grc' dir='ltr'>Γαλιλαίανο</span> <span class='ocrx_word' id='word_1_630' title='bbox 3249 3689 3403 3752; x_wconf 73' lang='grc' dir='ltr'>αύτὸς</span> <span class='ocrx_word' id='word_1_631' title='bbox 3461 3689 3560 3767; x_wconf 73' lang='grc' dir='ltr'><strong>γὰρ</strong></span> <span class='ocrx_word' id='word_1_632' title='bbox 3616 3689 3642 3744; x_wconf 77' lang='grc' dir='ltr'>ὃ</span> <span class='ocrx_word' id='word_1_633' title='bbox 3692 3687 3898 3754; x_wconf 73' lang='grc' dir='ltr'>Ἰησοῦς</span> 
     </span>
    </p>
   </div>
   <div class='ocr_carea' id='block_1_87' title="bbox 2256 3775 3897 3860">
    <p class='ocr_par' dir='ltr' id='par_1_87' title="bbox 2256 3775 3897 3860">
     <span class='ocr_line' id='line_1_87' title="bbox 2256 3775 3897 3860; baseline 0.001 -27"><span class='ocrx_word' id='word_1_634' title='bbox 2256 3778 2638 3857; x_wconf 66' lang='grc' dir='ltr'>ἐμαρτύρησεν,</span> <span class='ocrx_word' id='word_1_635' title='bbox 2696 3777 2794 3860; x_wconf 14' lang='grc' dir='ltr'>ὃτι,</span> <span class='ocrx_word' id='word_1_636' title='bbox 2847 3780 3128 3860; x_wconf 74' lang='grc' dir='ltr'>προφήτης</span> <span class='ocrx_word' id='word_1_637' title='bbox 3193 3778 3246 3836; x_wconf 81' lang='grc' dir='ltr'>ἐν</span> <span class='ocrx_word' id='word_1_638' title='bbox 3305 3784 3374 3855; x_wconf 75' lang='grc' dir='ltr'><strong>τῇ</strong></span> <span class='ocrx_word' id='word_1_639' title='bbox 3427 3776 3526 3851; x_wconf 76' lang='grc' dir='ltr'>ἰδίᾳ</span> <span class='ocrx_word' id='word_1_640' title='bbox 3556 3775 3762 3857; x_wconf 81' lang='grc' dir='ltr'>πατρίδι</span> <span class='ocrx_word' id='word_1_641' title='bbox 3810 3801 3897 3834; x_wconf 88' lang='grc' dir='ltr'>τι-</span> 
     </span>
    </p>
   </div>
   <div class='ocr_carea' id='block_1_88' title="bbox 2258 3859 3895 3947">
    <p class='ocr_par' dir='ltr' id='par_1_88' title="bbox 2258 3859 3895 3947">
     <span class='ocr_line' id='line_1_88' title="bbox 2258 3859 3895 3947; baseline 0.001 -25"><span class='ocrx_word' id='word_1_642' title='bbox 2258 3867 2334 3941; x_wconf 75' lang='grc' dir='ltr'><strong>μὴ</strong></span> <span class='ocrx_word' id='word_1_643' title='bbox 2406 3871 2499 3925; x_wconf 72' lang='grc' dir='ltr'>οὒκ</span> <span class='ocrx_word' id='word_1_644' title='bbox 2554 3866 2693 3947; x_wconf 76' lang='grc' dir='ltr'>ἔχει,</span> <span class='ocrx_word' id='word_1_645' title='bbox 2783 3859 2928 3925; x_wconf 65' lang='grc' dir='ltr'>’Ὅτε</span> <span class='ocrx_word' id='word_1_646' title='bbox 2979 3868 3068 3925; x_wconf 77' lang='grc' dir='ltr'>οὖν</span> <span class='ocrx_word' id='word_1_647' title='bbox 3123 3867 3282 3936; x_wconf 80' lang='grc' dir='ltr'>ἦλθεν</span> <span class='ocrx_word' id='word_1_648' title='bbox 3315 3869 3386 3930; x_wconf 74' lang='grc' dir='ltr'><strong>εἷς</strong></span> <span class='ocrx_word' id='word_1_649' title='bbox 3443 3867 3540 3934; x_wconf 76' lang='grc' dir='ltr'><strong>τὴν</strong></span> <span class='ocrx_word' id='word_1_650' title='bbox 3586 3865 3895 3939; x_wconf 67' lang='grc' dir='ltr'>Γαλιλαίαν,</span> 
     </span>
    </p>
   </div>
   <div class='ocr_carea' id='block_1_89' title="bbox 2256 3954 3892 4035">
    <p class='ocr_par' dir='ltr' id='par_1_89' title="bbox 2256 3954 3892 4035">
     <span class='ocr_line' id='line_1_89' title="bbox 2256 3954 3892 4035; baseline 0.002 -25"><span class='ocrx_word' id='word_1_651' title='bbox 2256 3954 2490 4020; x_wconf 74' lang='grc' dir='ltr'>ἐδέξαντο</span> <span class='ocrx_word' id='word_1_652' title='bbox 2559 3959 2712 4013; x_wconf 78' lang='grc' dir='ltr'>αὐτὸν</span> <span class='ocrx_word' id='word_1_653' title='bbox 2784 3959 2830 4012; x_wconf 86' lang='grc' dir='ltr'><strong>οἱ</strong></span> <span class='ocrx_word' id='word_1_654' title='bbox 2897 3955 3205 4032; x_wconf 77' lang='grc' dir='ltr'>Γαλιλαῖοι,</span> <span class='ocrx_word' id='word_1_655' title='bbox 3280 3956 3769 4035; x_wconf 74' lang='grc' dir='ltr'>πάντα-ἑωρακότες</span> <span class='ocrx_word' id='word_1_656' title='bbox 3801 3955 3892 4013; x_wconf 74' lang='grc' dir='ltr'>ὅσα</span> 
     </span>
    </p>
   </div>
   <div class='ocr_carea' id='block_1_90' title="bbox 2255 4037 3895 4126">
    <p class='ocr_par' dir='ltr' id='par_1_90' title="bbox 2255 4037 3895 4126">
     <span class='ocr_line' id='line_1_90' title="bbox 2255 4037 3895 4126; baseline -0.001 -25"><span class='ocrx_word' id='word_1_657' title='bbox 2255 4046 2501 4112; x_wconf 71' lang='grc' dir='ltr'>εποίησεν</span> <span class='ocrx_word' id='word_1_658' title='bbox 2558 4044 2611 4101; x_wconf 80' lang='grc' dir='ltr'>ἐν</span> <span class='ocrx_word' id='word_1_659' title='bbox 2658 4037 3041 4122; x_wconf 79' lang='grc' dir='ltr'>Ἰεροσολύμοις</span> <span class='ocrx_word' id='word_1_660' title='bbox 3099 4046 3153 4102; x_wconf 75' lang='grc' dir='ltr'>ἐν</span> <span class='ocrx_word' id='word_1_661' title='bbox 3182 4053 3251 4124; x_wconf 83' lang='grc' dir='ltr'><strong>τῇ</strong></span> <span class='ocrx_word' id='word_1_662' title='bbox 3281 4045 3460 4126; x_wconf 75' lang='grc' dir='ltr'>ἑορτῇ·</span> <span class='ocrx_word' id='word_1_663' title='bbox 3495 4047 3582 4102; x_wconf 80' lang='grc' dir='ltr'><strong>καὶ</strong></span> <span class='ocrx_word' id='word_1_664' title='bbox 3625 4044 3766 4101; x_wconf 71' lang='grc' dir='ltr'>αύτοὶ</span> <span class='ocrx_word' id='word_1_665' title='bbox 3799 4047 3895 4124; x_wconf 76' lang='grc' dir='ltr'><strong>γὰρ</strong></span> 
     </span>
    </p>
   </div>
   <div class='ocr_carea' id='block_1_91' title="bbox 2253 4133 3892 4213">
    <p class='ocr_par' dir='ltr' id='par_1_91' title="bbox 2253 4133 3892 4213">
     <span class='ocr_line' id='line_1_91' title="bbox 2253 4133 3892 4213; baseline 0.001 -24"><span class='ocrx_word' id='word_1_666' title='bbox 2253 4133 2412 4202; x_wconf 78' lang='grc' dir='ltr'>ἦλθον</span> <span class='ocrx_word' id='word_1_667' title='bbox 2471 4135 2543 4198; x_wconf 80' lang='grc' dir='ltr'><strong>είς</strong></span> <span class='ocrx_word' id='word_1_668' title='bbox 2573 4135 2671 4202; x_wconf 79' lang='grc' dir='ltr'><strong>τὴν</strong></span> <span class='ocrx_word' id='word_1_669' title='bbox 2719 4135 2931 4213; x_wconf 78' lang='grc' dir='ltr'>ἑορτήν.</span> <span class='ocrx_word' id='word_1_670' title='bbox 3005 4161 3026 4190; x_wconf 76' lang='grc' dir='ltr'><strong>ι</strong></span> <span class='ocrx_word' id='word_1_671' title='bbox 3106 4133 3358 4201; x_wconf 76' lang='grc' dir='ltr'>Ἐξελθὼν</span> <span class='ocrx_word' id='word_1_672' title='bbox 3389 4135 3495 4190; x_wconf 81' lang='grc' dir='ltr'><strong>ἀπὸ</strong></span> <span class='ocrx_word' id='word_1_673' title='bbox 3542 4135 3892 4213; x_wconf 85' lang='grc' dir='ltr'>Σαμαρείαςὸ</span> 
     </span>
    </p>
   </div>
   <div class='ocr_carea' id='block_1_92' title="bbox 2261 4223 3891 4306">
    <p class='ocr_par' dir='ltr' id='par_1_92' title="bbox 2261 4223 3891 4306">
     <span class='ocr_line' id='line_1_92' title="bbox 2261 4223 3891 4306; baseline -0.002 -24"><span class='ocrx_word' id='word_1_674' title='bbox 2261 4229 2470 4304; x_wconf 72' lang='grc' dir='ltr'>Κύριος,</span> <span class='ocrx_word' id='word_1_675' title='bbox 2543 4227 2617 4290; x_wconf 77' lang='grc' dir='ltr'>εἷς</span> <span class='ocrx_word' id='word_1_676' title='bbox 2686 4226 2785 4293; x_wconf 78' lang='grc' dir='ltr'><strong>τὴν</strong></span> <span class='ocrx_word' id='word_1_677' title='bbox 2817 4223 3100 4282; x_wconf 86' lang='grc' dir='ltr'>Γαλιλαίαν</span> <span class='ocrx_word' id='word_1_678' title='bbox 3131 4225 3446 4306; x_wconf 75' lang='grc' dir='ltr'>ἀπέρχεται,</span> <span class='ocrx_word' id='word_1_679' title='bbox 3497 4224 3656 4296; x_wconf 79' lang='grc' dir='ltr'>Εἶτα,</span> <span class='ocrx_word' id='word_1_680' title='bbox 3700 4223 3792 4279; x_wconf 76' lang='grc' dir='ltr'>ἵνα</span> <span class='ocrx_word' id='word_1_681' title='bbox 3820 4225 3891 4299; x_wconf 74' lang='grc' dir='ltr'><strong>μὴ</strong></span> 
     </span>
    </p>
   </div>
   <div class='ocr_carea' id='block_1_93' title="bbox 2257 4311 3888 4395">
    <p class='ocr_par' dir='ltr' id='par_1_93' title="bbox 2257 4311 3888 4395">
     <span class='ocr_line' id='line_1_93' title="bbox 2257 4311 3888 4395; baseline 0.001 -26"><span class='ocrx_word' id='word_1_682' title='bbox 2257 4313 2472 4390; x_wconf 74' lang='grc' dir='ltr'>ἐξετάζῃ</span> <span class='ocrx_word' id='word_1_683' title='bbox 2523 4337 2628 4391; x_wconf 86' lang='grc' dir='ltr'>τις,</span> <span class='ocrx_word' id='word_1_684' title='bbox 2701 4317 2790 4372; x_wconf 86' lang='grc' dir='ltr'><strong>καὶ</strong></span> <span class='ocrx_word' id='word_1_685' title='bbox 2849 4313 3093 4395; x_wconf 75' lang='grc' dir='ltr'>διαπορῇ,</span> <span class='ocrx_word' id='word_1_686' title='bbox 3149 4316 3289 4381; x_wconf 87' lang='grc' dir='ltr'>τίνος</span> <span class='ocrx_word' id='word_1_687' title='bbox 3375 4313 3547 4370; x_wconf 79' lang='grc' dir='ltr'>ἕνεκεν</span> <span class='ocrx_word' id='word_1_688' title='bbox 3602 4312 3696 4370; x_wconf 78' lang='grc' dir='ltr'>οὒκ</span> <span class='ocrx_word' id='word_1_689' title='bbox 3746 4311 3802 4370; x_wconf 77' lang='grc' dir='ltr'>ἐν</span> <span class='ocrx_word' id='word_1_690' title='bbox 3829 4312 3888 4379; x_wconf 77' lang='grc' dir='ltr'>τῆ</span> 
     </span>
    </p>
   </div>
   <div class='ocr_carea' id='block_1_94' title="bbox 521 4401 2175 4486">
    <p class='ocr_par' dir='ltr' id='par_1_94' title="bbox 521 4402 2175 4486">
     <span class='ocr_line' id='line_1_94' title="bbox 521 4402 2175 4486; baseline -0.002 -20"><span class='ocrx_word' id='word_1_691' title='bbox 521 4406 668 4468; x_wconf 91' lang='lat' dir='ltr'><strong>valla</strong></span> <span class='ocrx_word' id='word_1_692' title='bbox 701 4405 1111 4486; x_wconf 82' lang='lat' dir='ltr'><strong>peregrinetur</strong></span> <span class='ocrx_word' id='word_1_693' title='bbox 1139 4406 1293 4486; x_wconf 90' lang='lat' dir='ltr'><strong>apud</strong></span> <span class='ocrx_word' id='word_1_694' title='bbox 1327 4407 1871 4485; x_wconf 70' lang='lat' dir='ltr'><strong>eos,maximecdm</strong></span> <span class='ocrx_word' id='word_1_695' title='bbox 1905 4402 2175 4465; x_wconf 90' lang='lat' dir='ltr'><strong>videatur</strong></span> 
     </span>
    </p>
   </div>
   <div class='ocr_carea' id='block_1_95' title="bbox 2263 4401 3888 4486">
    <p class='ocr_par' dir='ltr' id='par_1_95' title="bbox 2263 4401 3888 4481">
     <span class='ocr_line' id='line_1_95' title="bbox 2263 4401 3888 4481; baseline 0 -23"><span class='ocrx_word' id='word_1_696' title='bbox 2263 4404 2512 4477; x_wconf 82' lang='grc' dir='ltr'>Γαλιλαίᾳ</span> <span class='ocrx_word' id='word_1_697' title='bbox 2569 4405 2650 4461; x_wconf 81' lang='grc' dir='ltr'><strong>ἀεὶ</strong></span> <span class='ocrx_word' id='word_1_698' title='bbox 2706 4408 2797 4480; x_wconf 77' lang='grc' dir='ltr'>ἧν,</span> <span class='ocrx_word' id='word_1_699' title='bbox 2831 4403 2948 4462; x_wconf 82' lang='grc' dir='ltr'>ἀλλ’</span> <span class='ocrx_word' id='word_1_700' title='bbox 2995 4405 3056 4462; x_wconf 79' lang='grc' dir='ltr'>ἐκ</span> <span class='ocrx_word' id='word_1_701' title='bbox 3097 4403 3476 4481; x_wconf 84' lang='grc' dir='ltr'>διαλείμματος</span> <span class='ocrx_word' id='word_1_702' title='bbox 3509 4403 3690 4467; x_wconf 70' lang='grc' dir='ltr'>αὐτοῖς</span> <span class='ocrx_word' id='word_1_703' title='bbox 3717 4401 3888 4468; x_wconf 74' lang='grc' dir='ltr'>ἐπιδη-</span> 
     </span>
    </p>
   </div>
   <div class='ocr_carea' id='block_1_96' title="bbox 525 4491 2175 4576">
    <p class='ocr_par' dir='ltr' id='par_1_96' title="bbox 525 4491 2175 4576">
     <span class='ocr_line' id='line_1_96' title="bbox 525 4491 2175 4576; baseline -0.001 -20"><span class='ocrx_word' id='word_1_704' title='bbox 525 4513 657 4556; x_wconf 89' lang='lat' dir='ltr'><strong>esse</strong></span> <span class='ocrx_word' id='word_1_705' title='bbox 678 4514 746 4556; x_wconf 81' lang='lat' dir='ltr'><strong>ex</strong></span> <span class='ocrx_word' id='word_1_706' title='bbox 770 4494 1184 4558; x_wconf 56' lang='lat' dir='ltr'><strong>Galila‘a:dicit</strong></span> <span class='ocrx_word' id='word_1_707' title='bbox 1213 4496 1365 4576; x_wconf 90' lang='lat' dir='ltr'><strong>quod</strong></span> <span class='ocrx_word' id='word_1_708' title='bbox 1395 4506 1712 4574; x_wconf 85' lang='lat' dir='ltr'><strong>propterea</strong></span> <span class='ocrx_word' id='word_1_709' title='bbox 1735 4513 1854 4554; x_wconf 91' lang='lat' dir='ltr'><strong>non</strong></span> <span class='ocrx_word' id='word_1_710' title='bbox 1891 4491 2175 4554; x_wconf 90' lang='lat' dir='ltr'><strong>manserit</strong></span> 
     </span>
    </p>
   </div>
   <div class='ocr_carea' id='block_1_97' title="bbox 2263 4491 3880 4576">
    <p class='ocr_par' dir='ltr' id='par_1_97' title="bbox 2263 4491 3880 4570">
     <span class='ocr_line' id='line_1_97' title="bbox 2263 4491 3880 4570; baseline -0.001 -21"><span class='ocrx_word' id='word_1_711' title='bbox 2263 4495 2374 4566; x_wconf 73' lang='grc' dir='ltr'>μεῖ,</span> <span class='ocrx_word' id='word_1_712' title='bbox 2450 4495 2536 4550; x_wconf 85' lang='grc' dir='ltr'><strong>καὶ</strong></span> <span class='ocrx_word' id='word_1_713' title='bbox 2592 4497 2753 4551; x_wconf 79' lang='grc' dir='ltr'>ταῦτα</span> <span class='ocrx_word' id='word_1_714' title='bbox 2785 4498 2845 4552; x_wconf 75' lang='grc' dir='ltr'>ὲκ</span> <span class='ocrx_word' id='word_1_715' title='bbox 2872 4500 2971 4562; x_wconf 80' lang='grc' dir='ltr'>τῆς</span> <span class='ocrx_word' id='word_1_716' title='bbox 3002 4493 3282 4558; x_wconf 85' lang='grc' dir='ltr'>Γαλιλαίας</span> <span class='ocrx_word' id='word_1_717' title='bbox 3323 4495 3467 4551; x_wconf 80' lang='grc' dir='ltr'>εἶναι</span> <span class='ocrx_word' id='word_1_718' title='bbox 3497 4491 3688 4566; x_wconf 80' lang='grc' dir='ltr'>δοκῶν,</span> <span class='ocrx_word' id='word_1_719' title='bbox 3713 4494 3880 4570; x_wconf 74' lang='grc' dir='ltr'>φησὶν,</span> 
     </span>
    </p>
   </div>
   <div class='ocr_carea' id='block_1_98' title="bbox 525 4583 2170 4663">
    <p class='ocr_par' dir='ltr' id='par_1_98' title="bbox 525 4583 2170 4663">
     <span class='ocr_line' id='line_1_98' title="bbox 525 4583 2170 4663; baseline -0.002 -19"><span class='ocrx_word' id='word_1_720' title='bbox 525 4584 585 4647; x_wconf 90' lang='lat' dir='ltr'><strong>in</strong></span> <span class='ocrx_word' id='word_1_721' title='bbox 617 4583 874 4652; x_wconf 66' lang='lat' dir='ltr'><strong>Galilaea.</strong></span> <span class='ocrx_word' id='word_1_722' title='bbox 907 4583 1043 4663; x_wconf 90' lang='lat' dir='ltr'><strong>quia</strong></span> <span class='ocrx_word' id='word_1_723' title='bbox 1060 4583 1286 4645; x_wconf 87' lang='lat' dir='ltr'><strong>nullum</strong></span> <span class='ocrx_word' id='word_1_724' title='bbox 1313 4584 1604 4645; x_wconf 91' lang='lat' dir='ltr'><strong>honorem</strong></span> <span class='ocrx_word' id='word_1_725' title='bbox 1647 4583 1732 4644; x_wconf 89' lang='lat' dir='ltr'><strong>illi</strong></span> <span class='ocrx_word' id='word_1_726' title='bbox 1756 4583 2170 4644; x_wconf 82' lang='lat' dir='ltr'><strong>exhibuerant.</strong></span> 
     </span>
    </p>
   </div>
   <div class='ocr_carea' id='block_1_99' title="bbox 531 4671 2175 4754">
    <p class='ocr_par' dir='ltr' id='par_1_99' title="bbox 531 4671 2175 4754">
     <span class='ocr_line' id='line_1_99' title="bbox 531 4671 2175 4754; baseline -0.002 -18"><span class='ocrx_word' id='word_1_727' title='bbox 531 4675 700 4754; x_wconf 84' lang='lat' dir='ltr'><strong>«Ipse</strong></span> <span class='ocrx_word' id='word_1_728' title='bbox 720 4671 1070 4735; x_wconf 87' lang='lat' dir='ltr'><strong>enimJesus</strong></span> <span class='ocrx_word' id='word_1_729' title='bbox 1093 4680 1337 4733; x_wconf 89' lang='lat' dir='ltr'><strong>testatus</strong></span> <span class='ocrx_word' id='word_1_730' title='bbox 1364 4671 1476 4733; x_wconf 84' lang='lat' dir='ltr'><strong>fuit</strong></span> <span class='ocrx_word' id='word_1_731' title='bbox 1493 4673 1649 4753; x_wconf 91' lang='lat' dir='ltr'><strong>quod</strong></span> <span class='ocrx_word' id='word_1_732' title='bbox 1675 4673 1964 4752; x_wconf 87' lang='lat' dir='ltr'><strong>propheta</strong></span> <span class='ocrx_word' id='word_1_733' title='bbox 1983 4671 2044 4732; x_wconf 90' lang='lat' dir='ltr'><strong>in</strong></span> <span class='ocrx_word' id='word_1_734' title='bbox 2069 4686 2175 4732; x_wconf 85' lang='lat' dir='ltr'><strong>sua</strong></span> 
     </span>
    </p>
   </div>
   <div class='ocr_carea' id='block_1_100' title="bbox 2258 4579 3882 4662">
    <p class='ocr_par' dir='ltr' id='par_1_100' title="bbox 2258 4579 3882 4662">
     <span class='ocr_line' id='line_1_100' title="bbox 2258 4579 3882 4662; baseline 0.001 -24"><span class='ocrx_word' id='word_1_735' title='bbox 2258 4583 2337 4639; x_wconf 77' lang='grc' dir='ltr'><strong>ὅτι</strong></span> <span class='ocrx_word' id='word_1_736' title='bbox 2393 4581 2476 4638; x_wconf 78' lang='grc' dir='ltr'><strong>διὰ</strong></span> <span class='ocrx_word' id='word_1_737' title='bbox 2531 4590 2686 4641; x_wconf 83' lang='grc' dir='ltr'>τοῦτο</span> <span class='ocrx_word' id='word_1_738' title='bbox 2744 4586 2838 4640; x_wconf 74' lang='grc' dir='ltr'>οὐκ</span> <span class='ocrx_word' id='word_1_739' title='bbox 2867 4584 2921 4641; x_wconf 78' lang='grc' dir='ltr'>ἐν</span> <span class='ocrx_word' id='word_1_740' title='bbox 2950 4591 3019 4660; x_wconf 78' lang='grc' dir='ltr'><strong>τῇ</strong></span> <span class='ocrx_word' id='word_1_741' title='bbox 3047 4581 3303 4656; x_wconf 79' lang='grc' dir='ltr'>Γαλιλαίᾳ</span> <span class='ocrx_word' id='word_1_742' title='bbox 3330 4583 3613 4662; x_wconf 80' lang='grc' dir='ltr'>παρέμενε,</span> <span class='ocrx_word' id='word_1_743' title='bbox 3646 4579 3770 4638; x_wconf 81' lang='grc' dir='ltr'>διότι</span> <span class='ocrx_word' id='word_1_744' title='bbox 3795 4586 3882 4640; x_wconf 71' lang='lat'><strong>0-3-</strong></span> 
     </span>
    </p>
   </div>
   <div class='ocr_carea' id='block_1_101' title="bbox 2259 4671 3880 4753">
    <p class='ocr_par' dir='ltr' id='par_1_101' title="bbox 2259 4671 3880 4753">
     <span class='ocr_line' id='line_1_101' title="bbox 2259 4671 3880 4753; baseline 0 -26"><span class='ocrx_word' id='word_1_745' title='bbox 2259 4672 2439 4748; x_wconf 75' lang='grc' dir='ltr'>δεμίαν</span> <span class='ocrx_word' id='word_1_746' title='bbox 2509 4674 2669 4749; x_wconf 79' lang='grc' dir='ltr'>τιμὴν</span> <span class='ocrx_word' id='word_1_747' title='bbox 2720 4676 2848 4753; x_wconf 81' lang='grc' dir='ltr'>πρὸς</span> <span class='ocrx_word' id='word_1_748' title='bbox 2921 4673 3075 4731; x_wconf 75' lang='grc' dir='ltr'>αὐτὸν</span> <span class='ocrx_word' id='word_1_749' title='bbox 3135 4671 3509 4736; x_wconf 77' lang='grc' dir='ltr'>ἐνεδείκνυντο,</span> <span class='ocrx_word' id='word_1_750' title='bbox 3550 4695 3578 4727; x_wconf 72' lang='grc' dir='ltr'><strong>α</strong></span> <span class='ocrx_word' id='word_1_751' title='bbox 3607 4673 3763 4737; x_wconf 72' lang='grc' dir='ltr'>Αὐτὸς</span> <span class='ocrx_word' id='word_1_752' title='bbox 3792 4673 3880 4750; x_wconf 68' lang='grc' dir='ltr'><strong>γὰρ</strong></span> 
     </span>
    </p>
   </div>
   <div class='ocr_carea' id='block_1_102' title="bbox 526 4760 2175 4844">
    <p class='ocr_par' dir='ltr' id='par_1_102' title="bbox 526 4761 2170 4844">
     <span class='ocr_line' id='line_1_102' title="bbox 526 4761 2170 4844; baseline -0.003 -19"><span class='ocrx_word' id='word_1_753' title='bbox 526 4766 718 4844; x_wconf 73' lang='lat' dir='ltr'><strong>patria</strong></span> <span class='ocrx_word' id='word_1_754' title='bbox 746 4762 808 4822; x_wconf 89' lang='lat' dir='ltr'><strong>in</strong></span> <span class='ocrx_word' id='word_1_755' title='bbox 829 4762 1056 4823; x_wconf 90' lang='lat' dir='ltr'><strong>honore</strong></span> <span class='ocrx_word' id='word_1_756' title='bbox 1089 4779 1207 4822; x_wconf 91' lang='lat' dir='ltr'><strong>non</strong></span> <span class='ocrx_word' id='word_1_757' title='bbox 1237 4764 1372 4822; x_wconf 77' lang='lat' dir='ltr'><strong>sit.»</strong></span> <span class='ocrx_word' id='word_1_758' title='bbox 1411 4761 1841 4825; x_wconf 83' lang='lat' dir='ltr'><strong>Consuevimus</strong></span> <span class='ocrx_word' id='word_1_759' title='bbox 1872 4761 2032 4822; x_wconf 92' lang='lat' dir='ltr'><strong>enim</strong></span> <span class='ocrx_word' id='word_1_760' title='bbox 2062 4778 2170 4821; x_wconf 91' lang='lat' dir='ltr'><strong>nos</strong></span> 
     </span>
    </p>
   </div>
   <div class='ocr_carea' id='block_1_103' title="bbox 2263 4760 3878 4844">
    <p class='ocr_par' dir='ltr' id='par_1_103' title="bbox 2263 4760 3878 4844">
     <span class='ocr_line' id='line_1_103' title="bbox 2263 4760 3878 4844; baseline -0.002 -26"><span class='ocrx_word' id='word_1_761' title='bbox 2263 4767 2280 4818; x_wconf 67' lang='grc' dir='ltr'><em>ὃ</em></span> <span class='ocrx_word' id='word_1_762' title='bbox 2336 4763 2538 4830; x_wconf 69' lang='grc' dir='ltr'>Ἰησοῦς</span> <span class='ocrx_word' id='word_1_763' title='bbox 2622 4763 3001 4843; x_wconf 80' lang='grc' dir='ltr'>ἐμαρτύρησεν,</span> <span class='ocrx_word' id='word_1_764' title='bbox 3078 4762 3158 4819; x_wconf 77' lang='grc' dir='ltr'>ὅτι</span> <span class='ocrx_word' id='word_1_765' title='bbox 3240 4785 3518 4844; x_wconf 77' lang='grc' dir='ltr'>προφητης</span> <span class='ocrx_word' id='word_1_766' title='bbox 3582 4761 3636 4818; x_wconf 80' lang='grc' dir='ltr'>ἐν</span> <span class='ocrx_word' id='word_1_767' title='bbox 3690 4767 3750 4838; x_wconf 80' lang='grc' dir='ltr'><strong>τῇ</strong></span> <span class='ocrx_word' id='word_1_768' title='bbox 3790 4760 3878 4834; x_wconf 62' lang='grc' dir='ltr'>ἰδίᾳ</span> 
     </span>
    </p>
   </div>
   <div class='ocr_carea' id='block_1_104' title="bbox 523 4849 2170 4932">
    <p class='ocr_par' dir='ltr' id='par_1_104' title="bbox 523 4849 2170 4932">
     <span class='ocr_line' id='line_1_104' title="bbox 523 4849 2170 4932; baseline -0.002 -19"><span class='ocrx_word' id='word_1_769' title='bbox 523 4851 799 4913; x_wconf 88' lang='lat' dir='ltr'><strong>homines</strong></span> <span class='ocrx_word' id='word_1_770' title='bbox 823 4858 1208 4912; x_wconf 90' lang='lat' dir='ltr'><strong>contemnere</strong></span> <span class='ocrx_word' id='word_1_771' title='bbox 1241 4870 1310 4913; x_wconf 91' lang='lat' dir='ltr'><strong>ea</strong></span> <span class='ocrx_word' id='word_1_772' title='bbox 1339 4869 1471 4932; x_wconf 64' lang='lat' dir='ltr'><strong>quae</strong></span> <span class='ocrx_word' id='word_1_773' title='bbox 1490 4851 1659 4913; x_wconf 89' lang='lat' dir='ltr'><strong>valde</strong></span> <span class='ocrx_word' id='word_1_774' title='bbox 1683 4849 2170 4918; x_wconf 83' lang='lat' dir='ltr'><strong>familiaria.sem-</strong></span> 
     </span>
    </p>
   </div>
   <div class='ocr_carea' id='block_1_105' title="bbox 2255 4849 3874 4930">
    <p class='ocr_par' dir='ltr' id='par_1_105' title="bbox 2255 4849 3874 4930">
     <span class='ocr_line' id='line_1_105' title="bbox 2255 4849 3874 4930; baseline 0.001 -22"><span class='ocrx_word' id='word_1_775' title='bbox 2255 4852 2459 4924; x_wconf 81' lang='grc' dir='ltr'>πατρίδι</span> <span class='ocrx_word' id='word_1_776' title='bbox 2533 4849 2720 4929; x_wconf 76' lang='grc' dir='ltr'>ἄτιμός</span> <span class='ocrx_word' id='word_1_777' title='bbox 2765 4853 2930 4916; x_wconf 80' lang='grc' dir='ltr'>ἐστιν,</span> <span class='ocrx_word' id='word_1_778' title='bbox 2979 4877 3006 4908; x_wconf 71' lang='lat' dir='ltr'><strong>n</strong></span> <span class='ocrx_word' id='word_1_779' title='bbox 3077 4852 3343 4929; x_wconf 85' lang='grc' dir='ltr'>Εἷώθαμεν</span> <span class='ocrx_word' id='word_1_780' title='bbox 3397 4853 3497 4930; x_wconf 79' lang='grc' dir='ltr'><strong>γὰρ</strong></span> <span class='ocrx_word' id='word_1_781' title='bbox 3542 4854 3589 4908; x_wconf 79' lang='grc' dir='ltr'><strong>οἱ</strong></span> <span class='ocrx_word' id='word_1_782' title='bbox 3633 4849 3874 4930; x_wconf 74' lang='grc' dir='ltr'>ἅνθρωποι</span> 
     </span>
    </p>
   </div>
   <div class='ocr_carea' id='block_1_106' title="bbox 524 4938 2175 5022">
    <p class='ocr_par' dir='ltr' id='par_1_106' title="bbox 524 4938 2170 5022">
     <span class='ocr_line' id='line_1_106' title="bbox 524 4938 2170 5022; baseline -0.002 -19"><span class='ocrx_word' id='word_1_783' title='bbox 524 4959 632 5022; x_wconf 89' lang='lat' dir='ltr'><strong>per</strong></span> <span class='ocrx_word' id='word_1_784' title='bbox 651 4940 837 5020; x_wconf 81' lang='lat' dir='ltr'><strong>magis</strong></span> <span class='ocrx_word' id='word_1_785' title='bbox 856 4939 1231 5001; x_wconf 78' lang='lat' dir='ltr'><strong>attendentes</strong></span> <span class='ocrx_word' id='word_1_786' title='bbox 1260 4939 1474 5002; x_wconf 89' lang='lat' dir='ltr'><strong>alienis</strong></span> <span class='ocrx_word' id='word_1_787' title='bbox 1503 4949 1565 5003; x_wconf 91' lang='lat' dir='ltr'><strong>et</strong></span> <span class='ocrx_word' id='word_1_788' title='bbox 1593 4939 2031 5012; x_wconf 88' lang='lat' dir='ltr'><strong>insolitis.Quid</strong></span> <span class='ocrx_word' id='word_1_789' title='bbox 2053 4938 2170 5020; x_wconf 84' lang='lat' dir='ltr'><strong>igi-</strong></span> 
     </span>
    </p>
   </div>
   <div class='ocr_carea' id='block_1_107' title="bbox 2263 4938 3878 5022">
    <p class='ocr_par' dir='ltr' id='par_1_107' title="bbox 2263 4939 3878 5022">
     <span class='ocr_line' id='line_1_107' title="bbox 2263 4939 3878 5022; baseline -0.002 -26"><span class='ocrx_word' id='word_1_790' title='bbox 2263 4949 2357 4996; x_wconf 80' lang='grc' dir='ltr'>τῶν</span> <span class='ocrx_word' id='word_1_791' title='bbox 2430 4941 2481 4997; x_wconf 80' lang='grc' dir='ltr'>ἐν</span> <span class='ocrx_word' id='word_1_792' title='bbox 2553 4944 2797 5014; x_wconf 84' lang='grc' dir='ltr'>συνηθείᾳ</span> <span class='ocrx_word' id='word_1_793' title='bbox 2868 4941 3250 5022; x_wconf 76' lang='grc' dir='ltr'>καταφρονεῖν,</span> <span class='ocrx_word' id='word_1_794' title='bbox 3324 4941 3416 5001; x_wconf 80' lang='grc' dir='ltr'>ἀεὶ,</span> <span class='ocrx_word' id='word_1_795' title='bbox 3460 4954 3577 5005; x_wconf 78' lang='grc' dir='ltr'>τοῖς</span> <span class='ocrx_word' id='word_1_796' title='bbox 3608 4939 3762 5005; x_wconf 81' lang='grc' dir='ltr'>ξένοις</span> <span class='ocrx_word' id='word_1_797' title='bbox 3801 4940 3878 4994; x_wconf 82' lang='grc' dir='ltr'>καὶ</span> 
     </span>
    </p>
   </div>
   <div class='ocr_carea' id='block_1_108' title="bbox 525 5027 2168 5108">
    <p class='ocr_par' dir='ltr' id='par_1_108' title="bbox 525 5027 2168 5108">
     <span class='ocr_line' id='line_1_108' title="bbox 525 5027 2168 5108; baseline -0.001 -16"><span class='ocrx_word' id='word_1_798' title='bbox 525 5031 780 5094; x_wconf 80' lang='lat' dir='ltr'><strong>tur?Non</strong></span> <span class='ocrx_word' id='word_1_799' title='bbox 811 5027 1076 5090; x_wconf 86' lang='lat' dir='ltr'><strong>videmus</strong></span> <span class='ocrx_word' id='word_1_800' title='bbox 1111 5028 1287 5090; x_wconf 91' lang='lat' dir='ltr'><strong>etiam</strong></span> <span class='ocrx_word' id='word_1_801' title='bbox 1312 5029 1529 5090; x_wconf 89' lang='lat' dir='ltr'><strong>multos</strong></span> <span class='ocrx_word' id='word_1_802' title='bbox 1550 5029 1704 5108; x_wconf 90' lang='lat' dir='ltr'><strong>apud</strong></span> <span class='ocrx_word' id='word_1_803' title='bbox 1733 5047 1871 5091; x_wconf 90' lang='lat' dir='ltr'><strong>suos</strong></span> <span class='ocrx_word' id='word_1_804' title='bbox 1903 5030 1963 5090; x_wconf 91' lang='lat' dir='ltr'><strong>in</strong></span> <span class='ocrx_word' id='word_1_805' title='bbox 1986 5029 2168 5091; x_wconf 89' lang='lat' dir='ltr'><strong>hono-</strong></span> 
     </span>
    </p>
   </div>
   <div class='ocr_carea' id='block_1_109' title="bbox 524 5117 2167 5190">
    <p class='ocr_par' dir='ltr' id='par_1_109' title="bbox 524 5117 2167 5190">
     <span class='ocr_line' id='line_1_109' title="bbox 524 5117 2167 5190; baseline -0.002 -7"><span class='ocrx_word' id='word_1_806' title='bbox 524 5138 591 5183; x_wconf 90' lang='lat' dir='ltr'><strong>re</strong></span> <span class='ocrx_word' id='word_1_807' title='bbox 624 5117 1021 5182; x_wconf 86' lang='lat' dir='ltr'><strong>haberi?Sane</strong></span> <span class='ocrx_word' id='word_1_808' title='bbox 1044 5117 1155 5190; x_wconf 86' lang='lat' dir='ltr'><strong>hoc</strong></span> <span class='ocrx_word' id='word_1_809' title='bbox 1173 5118 1340 5182; x_wconf 82' lang='lat' dir='ltr'><strong>valde</strong></span> <span class='ocrx_word' id='word_1_810' title='bbox 1361 5118 1659 5181; x_wconf 89' lang='lat' dir='ltr'><strong>rarum.Si</strong></span> <span class='ocrx_word' id='word_1_811' title='bbox 1678 5128 1878 5180; x_wconf 90' lang='lat' dir='ltr'><strong>autem</strong></span> <span class='ocrx_word' id='word_1_812' title='bbox 1899 5121 2167 5180; x_wconf 83' lang='lat' dir='ltr'><strong>nonnulli</strong></span> 
     </span>
    </p>
   </div>
   <div class='ocr_carea' id='block_1_110' title="bbox 524 5207 2167 5289">
    <p class='ocr_par' dir='ltr' id='par_1_110' title="bbox 524 5207 2167 5289">
     <span class='ocr_line' id='line_1_110' title="bbox 524 5207 2167 5289; baseline -0.001 -18"><span class='ocrx_word' id='word_1_813' title='bbox 524 5210 908 5272; x_wconf 87' lang='lat' dir='ltr'><strong>inveniuntur</strong></span> <span class='ocrx_word' id='word_1_814' title='bbox 935 5207 1036 5289; x_wconf 91' lang='lat' dir='ltr'><strong>qui</strong></span> <span class='ocrx_word' id='word_1_815' title='bbox 1065 5207 1127 5269; x_wconf 90' lang='lat' dir='ltr'><strong>in</strong></span> <span class='ocrx_word' id='word_1_816' title='bbox 1159 5209 1349 5288; x_wconf 89' lang='lat' dir='ltr'><strong>patria</strong></span> <span class='ocrx_word' id='word_1_817' title='bbox 1377 5227 1484 5272; x_wconf 80' lang='lat' dir='ltr'><strong>sua</strong></span> <span class='ocrx_word' id='word_1_818' title='bbox 1512 5209 1572 5270; x_wconf 91' lang='lat' dir='ltr'><strong>in</strong></span> <span class='ocrx_word' id='word_1_819' title='bbox 1617 5209 1754 5269; x_wconf 68' lang='grc' dir='ltr'><strong>ὗδὸ</strong></span> <span class='ocrx_word' id='word_1_820' title='bbox 1791 5210 2018 5270; x_wconf 91' lang='lat' dir='ltr'><strong>honore</strong></span> <span class='ocrx_word' id='word_1_821' title='bbox 2060 5209 2167 5270; x_wconf 88' lang='lat' dir='ltr'><strong>ha-</strong></span> 
     </span>
    </p>
   </div>
   <div class='ocr_carea' id='block_1_111' title="bbox 528 5296 2173 5380">
    <p class='ocr_par' dir='ltr' id='par_1_111' title="bbox 528 5296 2173 5380">
     <span class='ocr_line' id='line_1_111' title="bbox 528 5296 2173 5380; baseline -0.001 -18"><span class='ocrx_word' id='word_1_822' title='bbox 528 5300 766 5380; x_wconf 90' lang='lat' dir='ltr'><strong>bentur,</strong></span> <span class='ocrx_word' id='word_1_823' title='bbox 801 5296 1191 5378; x_wconf 87' lang='lat' dir='ltr'><strong>multomagis</strong></span> <span class='ocrx_word' id='word_1_824' title='bbox 1239 5300 1300 5361; x_wconf 91' lang='lat' dir='ltr'><strong>in</strong></span> <span class='ocrx_word' id='word_1_825' title='bbox 1335 5309 1488 5361; x_wconf 89' lang='lat' dir='ltr'><strong>terra</strong></span> <span class='ocrx_word' id='word_1_826' title='bbox 1519 5299 1748 5361; x_wconf 58' lang='lat' dir='ltr'><strong>aliena:</strong></span> <span class='ocrx_word' id='word_1_827' title='bbox 1787 5299 1865 5361; x_wconf 88' lang='lat' dir='ltr'><strong>ita</strong></span> <span class='ocrx_word' id='word_1_828' title='bbox 1888 5307 1953 5362; x_wconf 85' lang='lat' dir='ltr'><strong>ut</strong></span> <span class='ocrx_word' id='word_1_829' title='bbox 1983 5299 2173 5360; x_wconf 82' lang='lat' dir='ltr'><strong>honor</strong></span> 
     </span>
    </p>
   </div>
   <div class='ocr_carea' id='block_1_112' title="bbox 527 5387 2170 5473">
    <p class='ocr_par' dir='ltr' id='par_1_112' title="bbox 527 5387 2170 5473">
     <span class='ocr_line' id='line_1_112' title="bbox 527 5387 2170 5473; baseline -0.001 -22"><span class='ocrx_word' id='word_1_830' title='bbox 527 5391 629 5473; x_wconf 89' lang='lat' dir='ltr'><strong>qui</strong></span> <span class='ocrx_word' id='word_1_831' title='bbox 649 5389 818 5451; x_wconf 90' lang='lat' dir='ltr'><strong>eisin</strong></span> <span class='ocrx_word' id='word_1_832' title='bbox 850 5387 1441 5469; x_wconf 84' lang='lat' dir='ltr'><strong>patriaimpenditur,</strong></span> <span class='ocrx_word' id='word_1_833' title='bbox 1478 5389 1527 5450; x_wconf 92' lang='lat' dir='ltr'><strong>si</strong></span> <span class='ocrx_word' id='word_1_834' title='bbox 1560 5390 1898 5450; x_wconf 81' lang='lat' dir='ltr'><strong>conferatur</strong></span> <span class='ocrx_word' id='word_1_835' title='bbox 1931 5406 2063 5448; x_wconf 91' lang='lat' dir='ltr'><strong>cum</strong></span> <span class='ocrx_word' id='word_1_836' title='bbox 2100 5407 2170 5449; x_wconf 87' lang='lat' dir='ltr'><strong>eo</strong></span> 
     </span>
    </p>
   </div>
   <div class='ocr_carea' id='block_1_113' title="bbox 531 5477 2169 5560">
    <p class='ocr_par' dir='ltr' id='par_1_113' title="bbox 531 5477 2169 5560">
     <span class='ocr_line' id='line_1_113' title="bbox 531 5477 2169 5560; baseline -0.002 -19"><span class='ocrx_word' id='word_1_837' title='bbox 531 5480 632 5560; x_wconf 91' lang='lat' dir='ltr'><strong>qui</strong></span> <span class='ocrx_word' id='word_1_838' title='bbox 662 5479 720 5539; x_wconf 92' lang='lat' dir='ltr'><strong>in</strong></span> <span class='ocrx_word' id='word_1_839' title='bbox 752 5487 912 5540; x_wconf 85' lang='lat' dir='ltr'><strong>terra</strong></span> <span class='ocrx_word' id='word_1_840' title='bbox 931 5477 1146 5551; x_wconf 85' lang='lat' dir='ltr'><strong>aliena,</strong></span> <span class='ocrx_word' id='word_1_841' title='bbox 1164 5477 1492 5556; x_wconf 77' lang='lat' dir='ltr'><strong>ignominia</strong></span> <span class='ocrx_word' id='word_1_842' title='bbox 1512 5496 1644 5540; x_wconf 90' lang='lat' dir='ltr'><strong>esse</strong></span> <span class='ocrx_word' id='word_1_843' title='bbox 1665 5477 2169 5541; x_wconf 78' lang='lat' dir='ltr'><strong>inveniatur.Nam</strong></span> 
     </span>
    </p>
   </div>
   <div class='ocr_carea' id='block_1_114' title="bbox 608 5645 1101 5721">
    <p class='ocr_par' dir='ltr' id='par_1_114' title="bbox 608 5645 1101 5721">
     <span class='ocr_line' id='line_1_114' title="bbox 608 5645 1101 5721; baseline 0.008 -16"><span class='ocrx_word' id='word_1_844' title='bbox 608 5646 656 5692; x_wconf 78' lang='grc'>²¹</span> <span class='ocrx_word' id='word_1_845' title='bbox 693 5645 866 5708; x_wconf 81' lang='lat' dir='ltr'><strong>Micb.</strong></span> <span class='ocrx_word' id='word_1_846' title='bbox 903 5662 1004 5721; x_wconf 84' lang='lat' dir='ltr'><strong>vn,</strong></span> <span class='ocrx_word' id='word_1_847' title='bbox 1037 5649 1101 5709; x_wconf 87' lang='lat'>6.</span> 
     </span>
    </p>
   </div>
   <div class='ocr_carea' id='block_1_115' title="bbox 2256 5027 3873 5112">
    <p class='ocr_par' dir='ltr' id='par_1_115' title="bbox 2256 5027 3873 5112">
     <span class='ocr_line' id='line_1_115' title="bbox 2256 5027 3873 5112; baseline -0.002 -26"><span class='ocrx_word' id='word_1_848' title='bbox 2256 5031 2436 5098; x_wconf 75' lang='grc' dir='ltr'>ἆηθέσι</span> <span class='ocrx_word' id='word_1_849' title='bbox 2496 5031 2877 5112; x_wconf 82' lang='grc' dir='ltr'>προσέχοντες.</span> <span class='ocrx_word' id='word_1_850' title='bbox 2954 5031 3014 5090; x_wconf 86' lang='grc' dir='ltr'>Τί</span> <span class='ocrx_word' id='word_1_851' title='bbox 3085 5030 3172 5088; x_wconf 79' lang='grc' dir='ltr'>οὖν</span> <span class='ocrx_word' id='word_1_852' title='bbox 3219 5051 3235 5111; x_wconf 80' lang='grc'><strong>;</strong></span> <span class='ocrx_word' id='word_1_853' title='bbox 3285 5035 3400 5110; x_wconf 73' lang='grc' dir='ltr'>Οὐχ</span> <span class='ocrx_word' id='word_1_854' title='bbox 3431 5029 3638 5108; x_wconf 76' lang='grc' dir='ltr'>ὁρῶμεν</span> <span class='ocrx_word' id='word_1_855' title='bbox 3667 5027 3873 5092; x_wconf 73' lang='grc' dir='ltr'>πολλοὺς</span> 
     </span>
    </p>
   </div>
   <div class='ocr_carea' id='block_1_116' title="bbox 2255 5118 3871 5202">
    <p class='ocr_par' dir='ltr' id='par_1_116' title="bbox 2255 5118 3871 5202">
     <span class='ocr_line' id='line_1_116' title="bbox 2255 5118 3871 5202; baseline -0.001 -26"><span class='ocrx_word' id='word_1_856' title='bbox 2255 5123 2340 5177; x_wconf 84' lang='grc' dir='ltr'><strong>καὶ</strong></span> <span class='ocrx_word' id='word_1_857' title='bbox 2401 5122 2542 5202; x_wconf 80' lang='grc' dir='ltr'>παρὰ</span> <span class='ocrx_word' id='word_1_858' title='bbox 2569 5134 2685 5188; x_wconf 88' lang='grc' dir='ltr'>τοῖς</span> <span class='ocrx_word' id='word_1_859' title='bbox 2714 5123 2926 5185; x_wconf 82' lang='grc' dir='ltr'>οἶκειοις</span> <span class='ocrx_word' id='word_1_860' title='bbox 2955 5119 3288 5196; x_wconf 81' lang='grc' dir='ltr'>τιμωμένους</span> <span class='ocrx_word' id='word_1_861' title='bbox 3319 5140 3335 5201; x_wconf 71' lang='grc' dir='ltr'><strong>ς</strong></span> <span class='ocrx_word' id='word_1_862' title='bbox 3373 5119 3615 5176; x_wconf 80' lang='grc' dir='ltr'>Μάλιστα</span> <span class='ocrx_word' id='word_1_863' title='bbox 3667 5119 3754 5194; x_wconf 75' lang='grc' dir='ltr'>μὲν</span> <span class='ocrx_word' id='word_1_864' title='bbox 3795 5118 3871 5175; x_wconf 76' lang='grc' dir='ltr'>οὖν</span> 
     </span>
    </p>
   </div>
   <div class='ocr_carea' id='block_1_117' title="bbox 2255 5207 3873 5288">
    <p class='ocr_par' dir='ltr' id='par_1_117' title="bbox 2255 5207 3873 5288">
     <span class='ocr_line' id='line_1_117' title="bbox 2255 5207 3873 5288; baseline -0.002 -23"><span class='ocrx_word' id='word_1_865' title='bbox 2255 5210 2472 5267; x_wconf 80' lang='grc' dir='ltr'>σπάνιον</span> <span class='ocrx_word' id='word_1_866' title='bbox 2544 5211 2605 5268; x_wconf 74' lang='grc' dir='ltr'>τὸ</span> <span class='ocrx_word' id='word_1_867' title='bbox 2661 5217 2920 5269; x_wconf 55' lang='grc' dir='ltr'>τοιοῦτον</span> <span class='ocrx_word' id='word_1_868' title='bbox 2977 5212 3020 5267; x_wconf 84' lang='grc' dir='ltr'>εἰ</span> <span class='ocrx_word' id='word_1_869' title='bbox 3051 5208 3105 5266; x_wconf 79' lang='grc' dir='ltr'><strong>δὲ</strong></span> <span class='ocrx_word' id='word_1_870' title='bbox 3133 5210 3236 5288; x_wconf 76' lang='grc' dir='ltr'><strong>πού</strong></span> <span class='ocrx_word' id='word_1_871' title='bbox 3263 5231 3400 5272; x_wconf 81' lang='grc' dir='ltr'>τινες</span> <span class='ocrx_word' id='word_1_872' title='bbox 3441 5210 3693 5288; x_wconf 78' lang='grc' dir='ltr'>εὑρεθεῖεν</span> <span class='ocrx_word' id='word_1_873' title='bbox 3737 5207 3787 5262; x_wconf 80' lang='grc' dir='ltr'>ἐν</span> <span class='ocrx_word' id='word_1_874' title='bbox 3814 5213 3873 5284; x_wconf 69' lang='grc' dir='ltr'>τῇ</span> 
     </span>
    </p>
   </div>
   <div class='ocr_carea' id='block_1_118' title="bbox 2254 5282 3872 5379">
    <p class='ocr_par' dir='ltr' id='par_1_118' title="bbox 2254 5282 3872 5379">
     <span class='ocr_line' id='line_1_118' title="bbox 2254 5282 3872 5379; baseline -0.002 -22"><span class='ocrx_word' id='word_1_875' title='bbox 2254 5297 2457 5379; x_wconf 77' lang='grc' dir='ltr'>πατρίδι</span> <span class='ocrx_word' id='word_1_876' title='bbox 2532 5300 2848 5377; x_wconf 78' lang='grc' dir='ltr'>τιμώμενοι,</span> <span class='ocrx_word' id='word_1_877' title='bbox 2921 5282 3143 5374; x_wconf 51' lang='grc' dir='ltr'>πολλῷΙ</span> <span class='ocrx_word' id='word_1_878' title='bbox 3170 5297 3374 5375; x_wconf 78' lang='grc' dir='ltr'>μᾶλλον</span> <span class='ocrx_word' id='word_1_879' title='bbox 3431 5282 3509 5356; x_wconf 41' lang='grc' dir='ltr'><strong>ἐν.</strong></span> <span class='ocrx_word' id='word_1_880' title='bbox 3554 5303 3623 5374; x_wconf 76' lang='grc' dir='ltr'><strong>τῇ</strong></span> <span class='ocrx_word' id='word_1_881' title='bbox 3651 5282 3872 5375; x_wconf 64' lang='grc' dir='ltr'>ἀλλοτρία</span> 
     </span>
    </p>
   </div>
   <div class='ocr_carea' id='block_1_119' title="bbox 2254 5385 3867 5469">
    <p class='ocr_par' dir='ltr' id='par_1_119' title="bbox 2254 5385 3867 5469">
     <span class='ocr_line' id='line_1_119' title="bbox 2254 5385 3867 5469; baseline -0.001 -24"><span class='ocrx_word' id='word_1_882' title='bbox 2254 5392 2662 5466; x_wconf 71' lang='grc' dir='ltr'>τιμηθήσονται,</span> <span class='ocrx_word' id='word_1_883' title='bbox 2724 5391 2860 5448; x_wconf 82' lang='grc' dir='ltr'>ὥστε</span> <span class='ocrx_word' id='word_1_884' title='bbox 2931 5390 3317 5469; x_wconf 76' lang='grc' dir='ltr'>συγκρινομένη</span> <span class='ocrx_word' id='word_1_885' title='bbox 3346 5391 3380 5458; x_wconf 78' lang='grc' dir='ltr'>ἠ</span> <span class='ocrx_word' id='word_1_886' title='bbox 3441 5387 3495 5445; x_wconf 78' lang='grc' dir='ltr'>ὲν</span> <span class='ocrx_word' id='word_1_887' title='bbox 3552 5389 3621 5465; x_wconf 68' lang='grc' dir='ltr'><strong>τῇ</strong></span> <span class='ocrx_word' id='word_1_888' title='bbox 3687 5385 3867 5465; x_wconf 80' lang='grc' dir='ltr'>πατρίδι</span> 
     </span>
    </p>
   </div>
   <div class='ocr_carea' id='block_1_120' title="bbox 2255 5477 3861 5559">
    <p class='ocr_par' dir='ltr' id='par_1_120' title="bbox 2255 5477 3861 5559">
     <span class='ocr_line' id='line_1_120' title="bbox 2255 5477 3861 5559; baseline -0.001 -23"><span class='ocrx_word' id='word_1_889' title='bbox 2255 5483 2386 5555; x_wconf 76' lang='grc' dir='ltr'>τιμὴ</span> <span class='ocrx_word' id='word_1_890' title='bbox 2460 5483 2588 5559; x_wconf 82' lang='grc' dir='ltr'>πρὸς</span> <span class='ocrx_word' id='word_1_891' title='bbox 2638 5481 2734 5545; x_wconf 73' lang='grc' dir='ltr'>τὴν</span> <span class='ocrx_word' id='word_1_892' title='bbox 2813 5484 2867 5537; x_wconf 59' lang='lat' dir='ltr'><strong>liv</strong></span> <span class='ocrx_word' id='word_1_893' title='bbox 2930 5486 2996 5557; x_wconf 75' lang='grc' dir='ltr'><strong>τῇ</strong></span> <span class='ocrx_word' id='word_1_894' title='bbox 3023 5477 3294 5558; x_wconf 69' lang='grc' dir='ltr'>ἀλλοτρίᾳ,</span> <span class='ocrx_word' id='word_1_895' title='bbox 3323 5478 3507 5555; x_wconf 79' lang='grc' dir='ltr'>ἀτιμία</span> <span class='ocrx_word' id='word_1_896' title='bbox 3537 5479 3861 5558; x_wconf 73' lang='grc' dir='ltr'>εὑρεθήσεται,</span> 
     </span>
    </p>
   </div>
  </div>
