4116 6318
251 316 430 382 1953

1001 320 1439 386 ENARRATIO
1481 316 1555 383 IN
1597 318 2096 386 EVANGELIUM
2142 318 2485 381 JOANNIS.
2530 351 2607 363 —
2637 314 2799 379 CAP.
2850 318 2952 379 IV.

3504 314 3653 377 1254

246 444 316 509 Ὀ
386 456 489 534 γάρ
532 478 614 511 τοι
670 458 883 536 φθόνος,
933 469 1051 520 τοῖς
1083 456 1512 531 συμπατριώταις
1559 458 1617 512 οὐ
1646 468 1922 536 συγχωρεῖ

2010 451 2226 513 invidia
2259 452 2665 529 compatriotis
2696 469 2813 511 non
2840 450 2983 511 sinit
3012 469 3338 530 congruum
3362 454 3651 513 honorem

238 543 361 611 τὴν
425 546 798 623 προσήκουσαν
872 546 1031 620 τιμὴν
1103 543 1426 621 ἀποδιδόναι,
1486 544 1604 601 ἀλλ’
1635 545 1922 625 ὕφειμένην

242 632 361 699 τὴν
422 634 619 701 ταύτην
682 632 1041 710 ἀποδιδόασιν,
1098 636 1357 714 αἰσχύνην
1403 636 1595 691 οἰκείαν
1637 636 1923 712 ἡγούμενοι

248 722 375 788 τὴν
434 726 526 779 τοῦ
593 724 863 804 ὁμοφύλου
921 722 1283 800 εὐδοκίμησιν,
1321 723 1558 782 Ἐλθόντι
1591 725 1679 781 οὖν
1709 732 1785 798 τῷ
1818 734 1924 781 Κυ-

250 813 365 891 ρίῳ
444 813 516 877 είς
548 812 836 869 Γαλιλαίαν
866 813 1176 870 ἐπίστευσαν
1208 816 1253 869 οἱ
1285 812 1588 886 Γαλιλαῖοι,
1628 815 1692 869 τὰ
1725 826 1931 887 σημεῖα

262 899 481 965 ἰδόντες
551 902 587 957 ἅ
627 902 872 970 ἐποίησεν
930 902 981 958 ἐν
1046 894 1447 981 ἰεροσολύμοις,
1483 902 1629 971 Πλὴν
1659 904 1704 959 οἱ
1736 910 1927 976 Σαμα-

257 1004 447 1069 ρεῖται
516 991 888 1072 δοκιμώτεροι,
952 996 999 1049 οἱ
1057 994 1144 1048 καὶ
1208 993 1373 1073 χωρὶς
1417 993 1652 1067 σημείων
1705 992 1923 1047 πιστεύ-

261 1102 464 1146 σαντες
524 1082 630 1138 ἀπὸ
686 1104 779 1140 του
826 1081 987 1160 λόγου
1013 1088 1111 1149 τῆς
1142 1083 1412 1160 γυναικός.
1452 1075 1603 1162 ’¹Ορα
1635 1080 1689 1137 δὲ
1719 1104 1923 1137 παντα-

261 1180 383 1249 χοῦ
447 1172 568 1234 τοὺς
625 1168 961 1241 ἀποϐλήτους
1013 1172 1111 1247 μὲν
1165 1170 1465 1247 δοκοῦντας,
1525 1168 1924 1246 εωοκιμοῦντας

259 1261 321 1316 ἰν
523 1262 694 1318 πίστει
766 1265 1095 1341 Σαμαρείτας
1128 1260 1269 1339 λέγω
1298 1264 1385 1318 καὶ
1415 1260 1510 1317 Γα)
1529 1260 1753 1324 ιλαίους·
1817 1259 1924 1337 (καὶ

258 1350 372 1429 γὰρ
425 1352 511 1407 καὶ
580 1352 796 1416 τούτους
868 1350 1159 1417 ἒξουθένουν
1189 1352 1262 1414 ὡς
1294 1351 1663 1430 ἀγροικότερον
1722 1347 1924 1405 διακει-

259 1439 486 1512 μένους⁶
551 1437 631 1495 διὸ
664 1440 750 1495 καὶ
793 1437 999 1517 ἔλεγον,
1032 1438 1113 1495 ὅτι
1152 1459 1175 1494 ε
1212 1441 1497 1518 Προφήτης
1530 1438 1589 1495 ἐκ
1617 1437 1713 1504 τῆς
1758 1434 1922 1491 Γαλι-

262 1525 426 1590 λαίας
486 1531 580 1586 οὐκ
638 1529 967 1609 ἐγήγερται),
1036 1555 1058 1583 ιι
1120 1529 1240 1591 τοὺς
1296 1526 1350 1583 δὲ
1394 1527 1674 1591 ἐκλεκτούς
1703 1533 1921 1601 νομιζο-

260 1616 484 1693 μένους,
538 1615 1031 1698 ἀποϐαλλομένους,
1090 1618 1203 1675 οἶοι
1236 1620 1373 1685 ἦσαν
1401 1621 1447 1675 οἱ
1509 1609 1923 1694 Ἱεροσολυμῖται

261 1703 547 1766 Ἰουδαῖοι.
610 1707 841 1770 Εἰκότως
928 1706 1026 1787 ἄρα
1056 1706 1219 1764 καὶόί
1264 1706 1451 1763 ἐθνικοὶ
1492 1703 1918 1783 παρεδέχθημεν.

2006 540 2199 615 reddi,
2221 542 2325 603 sed
2361 559 2564 621 parum
2598 539 2713 599 illis
2740 538 3007 601 tribuunt
3036 539 3219 620 cixes,
3245 558 3411 601 suam
3443 540 3647 602 confu-

2007 631 2237 693 sionem
2272 631 2676 691 existimantes
2728 627 2969 707 gloriam
3004 627 3450 691 contribulium.
3510 628 3649 689 Cum

2008 718 2267 781 venisset
2289 720 2465 799 igitur
2499 719 2787 782 Dominus
2817 718 2876 778 in
2909 715 3228 793 Galilmam,
3264 718 3651 780 crediderunt

2011 808 2257 881 Galilzei,
2284 809 2421 890 quia
2448 808 2715 871 viderant
2744 806 2911 884 signa
2943 805 3094 867 facta
3115 805 3175 866 in
3210 808 3648 889 Hierosolymis.

2013 899 2191 977 Atqui
2226 896 2581 959 Samaritani
2615 894 2987 983 probatiores
3020 903 3186 956 erant
3215 896 3316 976 qui
3348 905 3405 958 et
3431 897 3653 977 absqu-

2009 986 2193 1064 signis
2212 986 2390 1048 verbo
2416 985 2678 1047 mulieris
2704 984 3109 1047 crediderant.
3128 983 3278 1047 Vide
3300 994 3494 1048 autem
3523 988 3653 1046 ubi~

2010 1094 2124 1155 que
2158 1094 2258 1136 eos
2280 1075 2381 1156 qui
2409 1074 2625 1155 abjecti
2658 1072 3054 1147 habebantur,
3112 1074 3410 1137 celebrari
3441 1086 3502 1136 ut
3542 1096 3648 1154 po-

2010 1165 2187 1225 tiores
2218 1165 2357 1245 fide,
2391 1164 2793 1227 Samaritanos
2814 1162 2948 1224 dico
2976 1171 3032 1223 et
3061 1162 3349 1226 Galilaeos.
3378 1163 3521 1226 Nam
3548 1167 3653 1225 hos

2009 1254 2473 1315 contemnebant
2501 1263 2564 1314 ut
2592 1253 2951 1332 agrestiores
2988 1273 3002 1332 ;
3042 1252 3176 1315 ideo
3226 1261 3282 1315 et
3333 1253 3648 1316 dicebant:

2014 1365 2043 1398 α
2076 1344 2372 1422 Propheta
2397 1362 2467 1405 ex
2499 1341 2737 1405 Galilaaa
2762 1362 2877 1403 non
2911 1344 3165 1404 surrexit
3192 1343 3271 1423 22,
3311 1370 3336 1399 ιο
3374 1363 3476 1405 eos
3514 1364 3652 1405 vero

2011 1432 2110 1511 qui
2172 1433 2343 1494 electi
2426 1431 2808 1512 putabantur,
2888 1432 3088 1510 abjici,
3154 1434 3359 1511 quales
3416 1436 3653 1494 fuerunt

2010 1521 2524 1601 Hierosolymitani
2559 1521 2767 1581 Judaei.
2801 1519 3005 1581 Merito
3052 1521 3232 1599 igitur
3280 1531 3338 1583 et
3391 1524 3653 1601 gentiles

2010 1612 2273 1690 suscepti
2303 1620 2464 1673 sunt.
2497 1608 2641 1671 Nam
2675 1609 2734 1669 in
2762 1626 2867 1669 sua
2893 1607 3105 1688 patria,
3140 1610 3253 1671 hoc
3284 1619 3373 1672 est
3428 1611 3487 1671 in
3556 1632 3652 1692 sy-

2010 1719 2233 1778 nagoga
2254 1698 2921 1771 Judzeorum,honorem
2949 1716 3064 1758 non
3090 1699 3343 1761 habebat
3370 1702 3655 1780 propheta

268 1796 365 1854 Ἐν
426 1798 525 1877 γὰρ
595 1802 665 1874 τῇ
723 1798 889 1870 οἰκείᾳ
944 1794 1173 1877 πατρίδι,
1206 1803 1276 1873 τῇ
1309 1793 1733 1869 τῶνῚουδαίων,
1782 1793 1923 1857 εἴποι

2012 1789 2303 1864 Christus,
2338 1789 2491 1850 sicut
2521 1789 2717 1877 Moses
2747 1787 2929 1851 dicit.
2970 1811 2997 1841 α
3054 1789 3407 1869 Prophetam
3459 1793 3651 1851 susci-

268 1884 334 1942 ὂίν
387 1908 492 1958 τις,
548 1893 858 1964 συναγωγῇ⁸
903 1886 1066 1963 τιμὴν
1096 1885 1192 1942 οὒκ
1220 1884 1384 1966 ἔσχεν
1415 1886 1442 1941 ὀ
1472 1885 1753 1963 προφήτης
1787 1891 1921 1960 Χρι-

269 1975 422 2044 στὸς,
484 1976 617 2031 καθά
680 1974 910 2043 Μωϋαῆς
973 1973 1144 2055 λέγει,
1186 1973 1265 2031 ὅτι
1304 1994 1332 2033 (
1368 1976 1652 2055 Προφήτην
1682 1972 1919 2042 ἀναστή-

274 2064 580 2142 σειμΚύριος
611 2064 767 2140 ἡμῶν
779 2112 792 2125 ,
832 2085 855 2121 ι)

351 2139 544 2208 Ἦλθεν
602 2139 689 2207 οὖν
732 2153 761 2208 ὁ
812 2151 1018 2218 Ἰησοῦς
1062 2150 1222 2207 πάλιν
1246 2153 1318 2214 εἰς
1364 2152 1461 2217 τὴν
1512 2159 1653 2209 Κανᾶ
1682 2158 1780 2217 τῆς
1814 2157 1921 2205 Γα-

269 2240 505 2315 λιλαίας,
579 2239 711 2296 ὅπου
771 2240 990 2307 ἐποίησε
1041 2241 1101 2296 τὸ
1144 2238 1280 2319 ’ὐδωρ
1352 2243 1520 2300 οἶνον.
1572 2242 1668 2297 Καὶ
1723 2241 1789 2308 ἦν
1843 2261 1923 2301 τις

270 2327 573 2408 βασιλικὸς,
634 2332 695 2385 οὗ
761 2331 789 2385 ό
858 2330 964 2391 υἱός
1019 2329 1224 2396 ἠσθένει
1268 2329 1323 2384 ἐν
1352 2329 1721 2407 Καπερναούμ.
1753 2329 1916 2391 Οὗτος

271 2419 527 2492 ἀκούσας,
574 2419 653 2474 ὄτι
704 2418 909 2485 Ἰησοῦς
966 2416 1084 2485 ἥκει
1136 2420 1196 2475 ἐκ
1254 2419 1351 2486 τῆς
1400 2415 1648 2481 Ἰουδαίας
1694 2420 1768 2481 εἷς
1820 2418 1919 2484 την

274 2505 584 2581 Γαλιλαίαν,
640 2506 875 2575 ἀπῆλθεν
926 2510 1056 2588 πρὸς
1128 2510 1306 2583 αὐτὸν,
1368 2508 1456 2564 καὶ
1490 2510 1667 2586 ἡρωςα
1738 2509 1918 2587 αὐτὸν,

277 2595 370 2652 ἵνα
424 2593 631 2673 καταϐῇ
688 2599 773 2655 καὶ
829 2594 1045 2664 ἰάσηται
1115 2599 1269 2654 αὐτοῦ
1300 2600 1390 2654 τὸν
1419 2597 1550 2652 υἱόν⁶
1588 2596 1779 2672 ἔμελλε
1823 2597 1923 2675 γαρ

277 2685 633 2756 ἀποθνήσκειν
685 2685 855 2743 Εἶπεν
920 2686 1008 2743 οὖν
1065 2688 1092 2743 ὁ
1158 2684 1361 2754 Ἰησοῦς
1421 2687 1551 2763 πρὸς
1582 2687 1762 2746 αὐτόν.
1797 2685 1921 2742 Ἐὰν

277 2773 355 2850 μὴ
387 2785 592 2851 σημεῖα
621 2776 708 2830 καὶ
749 2774 938 2853 τέρατα
983 2772 1158 2851 ἴδητε,
1206 2777 1265 2832 οὔ
1308 2776 1385 2851 μὴ
1437 2776 1778 2841 πιστεὺσητε.
1816 2773 1923 2829 Λέ-

274 2884 355 2941 γει
411 2866 547 2927 παὸς
606 2865 760 2923 αὐτὸν
831 2865 857 2920 ό
916 2862 1212 2941 βασιλικός’
1272 2865 1448 2939 Κύριε,
1496 2861 1752 2929 κατάϐηθι
1807 2865 1924 2940 πρὶν

274 2953 564 3011 ἀποθανεῖν
620 2955 681 3008 τὸ
751 2952 955 3009 παιδίον
1012 2976 1137 3028 μου,
1198 2954 1352 3030 Λέγει
1413 2957 1554 3027 αὖτῷ
1606 2953 1633 3007 ὀ
1692 2951 1921 3018 ’1ησοῦς’

275 3042 522 3118 Πορεύου,
581 3042 609 3096 ό
660 3044 767 3107 υἱὸς
824 3064 917 3098 σου
948 3047 1036 3118 ζῇ,
1098 3043 1195 3099 Καὶ
1225 3042 1524 3098 ἐπίστευσεν
1582 3042 1610 3096 ὀ
1654 3040 1924 3119 ἅνθρωπος

2012 1877 2156 1939 tabit
2185 1877 2351 1939 vobis
2377 1876 2665 1938 Dominus
2694 1876 2771 1938 93.
2803 1901 2829 1931 ι

2090 2144 2249 2207 Vens
2308 2146 2513 2209 46-50.
2557 2167 2584 2204 ‹
2609 2144 2787 2208 Venit
2809 2165 2947 2225 ergo
2971 2148 3146 2208 Jesus
3165 2144 3378 2206 iterum
3405 2149 3461 2208 in
3494 2145 3649 2207 Cana

2007 2232 2392 2311 Galilaeaa,ubi
2412 2236 2632 2297 fecerat
2654 2254 2724 2296 ex
2749 2236 3138 2315 aquavinum.
3164 2233 3233 2295 Et
3255 2245 3379 2296 erat
3408 2235 3645 2316 quidam

2002 2324 2204 2401 regius
2235 2324 2407 2403 cujus
2460 2324 2615 2385 [ilius
2667 2324 3085 2387 inlirmabatur
3115 2325 3508 2404 Capernaum.
3543 2324 3649 2384 Hic

2003 2432 2137 2473 cum
2168 2413 2601 2495 audissetquod
2623 2411 2797 2475 Jesus
2821 2415 3155 2477 advenisset
3176 2433 3208 2473 a
3232 2414 3434 2475 Judaaa
3455 2412 3513 2473 in
3545 2411 3651 2474 Ga-

2006 2501 2482 2578 lilaeam,abiitad
2509 2510 2740 2578 eum,et
2755 2504 3000 2581 rogabat
3018 2522 3153 2563 eum
3178 2502 3653 2565 utdescenderet

2004 2609 2071 2651 ac
2100 2602 2339 2655 sanaret
2366 2592 2549 2673 ipsius
2576 2592 2760 2655 (ilium
2789 2614 2802 2655 :
2838 2593 3133 2674 siquidem
3166 2592 3218 2653 is
3264 2593 3482 2673 agebat
3518 2592 3651 2653 ani-

2006 2698 2186 2745 mam.
2222 2682 2526 2761 Dixitergo
2556 2681 2732 2744 .iesus
2762 2681 2835 2744 ad
2854 2701 3012 2745 eum:
3047 2680 3173 2742 Nisi
3204 2681 3373 2761 signa
3403 2690 3460 2742 et
3511 2700 3650 2763 pro-

2008 2769 2163 2848 digia
2194 2771 2481 2843 videritis,
2517 2790 2633 2831 non
2667 2772 2948 2833 credetis.
2976 2771 3132 2832 Dixit
3152 2771 3224 2831 ad
3250 2790 3385 2831 eum
3408 2773 3606 2849 regius
3635 2792 3645 2829 :

2008 2858 2590 2939 Domine,descende
2610 2860 2952 2940 priusquam
2975 2860 3260 2920 moriatur
3283 2859 3439 2920 ﬁlius
3459 2879 3647 2919 meus.

2010 2947 2167 3009 Dicit
2196 2949 2248 3010 ei
2279 2948 2472 3011 Jesus:
2511 2947 2696 3025 Vade,
2730 2949 2885 3009 ﬁlius
2916 2957 3049 3009 tuus
3081 2949 3238 3009 vivit.
3261 2947 3526 3010 Credidit
3550 2948 3650 3008 hu-

2010 3055 2103 3098 mo
2125 3038 2388 3101 sermoni
2418 3058 2595 3120 quem
2626 3038 2855 3099 dixerat
2885 3038 2939 3099 ei
2959 3036 3157 3114 Jesus,
3192 3047 3250 3098 et
3283 3036 3428 3099 ibat.
3459 3061 3485 3092 η
3526 3038 3647 3098 ite-

269 3136 347 3204 τῷ
417 3128 584 3208 λόγῳ,
645 3133 690 3204 ᾧ
720 3131 864 3186 εἶπεν
918 3132 1060 3204 αύτῷ
1088 3131 1117 3185 ό
1149 3130 1378 3211 Ἰησοῦς,
1413 3131 1499 3187 καὶ
1544 3131 1850 3210 ἀπορεύετο.
1892 3153 1918 3185 ι

2010 3127 2240 3187 cordari
2275 3145 2381 3189 nos
2409 3127 2547 3190 facit
2576 3126 2935 3205 evangelista
2968 3125 3237 3188 miraculi
3270 3125 3329 3185 in
3361 3125 3649 3199 Cana,ubi

272 3202 696 3295 ’.ἀναμιμνήσκει
772 3220 917 3294 ἡμᾶς
999 3202 1042 3274 ὁή
1097 3202 1477 3298 εὖαγγελιστὴς
1528 3228 1619 3277 τοῦ
1652 3202 1732 3275 ’ἐν
1780 3225 1923 3291 Κανᾷ

2010 3234 2154 3296 aqua
2200 3215 2352 3280 facta
2372 3225 2459 3280 est
2488 3202 2773 3293 vinum,et
2794 3218 3033 3278 interim
3069 3225 3379 3277 utcrescat
3400 3216 3529 3276 laus
3552 3213 3654 3277 Sa-

276 3307 565 3384 θαύματος,
635 3305 767 3365 ὅπου
825 3307 1036 3386 ἐγένετο
1089 3309 1149 3364 τὸ
1180 3307 1315 3387 ὕδωρ
1347 3310 1520 3381 οἶνος,
1559 3307 1668 3385 ἅμα
1712 3310 1811 3385 μὲν
1840 3306 1923 3365 διὰ

278 3398 337 3454 τ’)
396 3395 615 3463 αὒξῆσαι
686 3397 790 3453 τῶν
839 3404 1185 3477 Σαμαρειτῶν
1258 3401 1320 3455 τὸ
1376 3400 1645 3477 ἒγκὼμιον
1701 3398 1770 3479 (οἱ
1830 3398 1925 3459 μὲν

282 3486 379 3565 γὰρ
438 3484 744 3566 Γαλιλαῖοι,
806 3486 959 3567 φησὶ,
1019 3489 1107 3544 καὶ
1162 3488 1268 3545 ἀπὸ
1297 3494 1402 3546 τῶν
1433 3488 1486 3545 ὲν
1546 3481 1925 3568 Ἱεροσολύμοις

286 3578 366 3632 καὶ
425 3576 528 3632 ἀπὸ
583 3582 690 3632 τῶν
738 3573 863 3655 παρ’
938 3580 1120 3641 αὐτοῖς
1153 3578 1453 3656 γενομένων
1484 3585 1719 3655 σημε’ων
1772 3580 1923 3635 αὐτόν

287 3664 537 3732 ἰδέξαντο·
606 3668 652 3722 οἱ
695 3663 749 3721 δὲ
823 3672 1154 3745 Σαμαρεῖται
1212 3667 1318 3725 ἀπὸ
1367 3668 1537 3741 μόνης
1591 3669 1687 3735 τῆς
1718 3690 1922 3746 μαρτυ-

282 3756 391 3835 ρίας
446 3760 544 3823 τῆς
614 3757 884 3835 γυναικὸς,
940 3757 1029 3813 καὶ
1084 3763 1184 3825 τῆς
1245 3757 1400 3815 αὐτοῦ
1431 3758 1523 3814 τοῦ
1554 3766 1739 3838 Κυρίου
1776 3756 1926 3814 διδα-

284 3844 544 3926 σκαλίας),
594 3844 705 3920 ἅμα
755 3843 810 3901 δὲ
853 3846 940 3902 καὶ
981 3843 1076 3901 ἵνα
1105 3845 1245 3925 δείξῃ
1275 3848 1433 3923 ἡμῖν,
1466 3848 1545 3905 ὅτι
1576 3852 1664 3905 καὶ
1694 3850 1722 3905 ὀ
1766 3849 1924 3924 βασι-

280 3933 423 4002 λικὸς
478 3935 583 3993 ἀπὸ
640 3941 733 3993 τοῦ
788 3935 843 3992 ἐν
901 3941 1045 4007 Κανᾷ
1095 3938 1361 4013 θαύματος
1391 3938 1592 4016 ἀγαθήν
1645 3960 1761 3994 τινα
1808 3939 1923 4018 περὶ

276 4026 366 4082 τοῦ
420 4030 645 4103 Χριστοῦ
701 4024 972 4100 ὑπόληψιν
1044 4024 1277 4091 ἐδέξατο.
1312 4028 1355 4083 εἷ
1385 4029 1581 4102 καὶμὴ
1621 4028 1720 4095 τὴν
1749 4026 1917 4093 ἀξίαν,

279 4111 552 4170 Βασιλικὸν
624 4112 678 4169 δὲ
735 4120 921 4171 τοῦτον
981 4112 1163 4189 καλεῖ,
1196 4115 1232 4183 ἢ
1263 4118 1336 4180 ὡς
1364 4116 1425 4173 ἐκ
1455 4116 1638 4194 γένους
1670 4113 1795 4173 ὄντα
1816 4118 1919 4191 βα·⁴

282 4201 502 4277 σιλικοῦ,
550 4200 605 4283 ’ἤ
638 4202 845 4279 ἀξίωμά
868 4225 919 4258 τι
949 4203 1124 4283 ἀρχῆς
1169 4202 1343 4281 ἕτερον
1401 4204 1539 4262 οὕτω
1594 4204 1919 4280 καλούμενον

284 4291 495 4371 ἔχοντα,
548 4277 681 4371 Ἀρα
736 4277 851 4372 οὗν,
906 4277 1057 4373 φησί,
1117 4295 1205 4350 καὶ
1250 4277 1405 4358 αὐτός
1452 4294 1591 4351 ἐστιν
1649 4277 1798 4360 οὗτος
1850 4302 1925 4367 τῷ

286 4381 418 4460 παρά
472 4386 550 4456 τῷ
605 4382 852 4455 Ματθαίῳ
909 4382 1339 4463 ἐκατοντάρχῳ;
1399 4384 1487 4441 καὶ
1534 4385 1632 4463 γὰρ
1679 4384 1925 4449 κάκεῖνος

289 4470 338 4526 ἓν
390 4470 738 4547 Καπερναοὺμ
788 4472 876 4539 ἦν.
913 4471 1021 4530 Οὔκ
1050 4476 1205 4547 οἶμαι
1236 4474 1409 4529 τοίιυν
1463 4474 1555 4529 τὸν
1576 4475 1731 4530 αὑτὸν
1756 4474 1923 4552 εἶναι,

291 4557 399 4614 ἀλλ’
462 4558 660 4638 ἕτερον,
740 4559 980 4624 Ἐκεῖνος
1015 4561 1113 4636 μὲν
1157 4562 1258 4639 γὰρ
1287 4562 1375 4618 καὶ
1406 4560 1724 4639 βουλόμενον
1751 4561 1926 4619 ἒλθεῖν

290 4650 372 4704 τὸν
429 4648 650 4728 Χριστὸν
708 4646 1012 4724 διακωλύει,
1072 4649 1268 4729 λέγων’
1332 4672 1356 4707 ε
1434 4655 1541 4710 Οὒκ
1599 4653 1705 4727 είμὶ
1760 4649 1924 4727 ἄξιος,

287 4737 370 4792 ἵνα
427 4759 528 4813 μου
584 4740 684 4794 ὑπὸ
728 4738 827 4805 τὴν
880 4736 1074 4817 στέγην
1107 4739 1367 4817 εἰσέλθῃς·
1438 4763 1463 4798 ε
1540 4740 1692 4804 οὗτος
1751 4740 1805 4796 δὲ
1854 4742 1927 4805 εἷς

289 4828 378 4893 τὴν
435 4829 599 4883 οἰκίαν
659 4830 813 4884 αὐτοῦ
876 4827 1018 4885 ἕλκει
1075 4831 1166 4885 τὸν
1199 4828 1433 4897 Ἰησοῦν,
1470 4829 1721 4888 Κάκείνου
1752 4831 1849 4905 μὲν
1901 4832 1928 4886 ὀ

289 4929 434 4989 παῖς,
494 4915 656 4995 ἤγουν
714 4917 742 4972 ό
803 4914 1011 4997 δοῦλος,
1044 4918 1261 4997 παρέσει
1293 4922 1599 4999 κατείχετο·
1638 4922 1818 4976 τούτου
1874 4918 1928 4975 δὲ

291 5009 316 5061 ὃ
367 5008 475 5071 υἳὸς
532 5013 763 5086 πυρετῷ.
831 5017 1002 5064 Κακεῖ
1060 5007 1157 5083 μὲν
1227 5009 1332 5065 ἀπὸ
1362 5016 1455 5066 τοὺ
1484 5008 1635 5088 ὅρους
1666 5007 1924 5089 καταϐὰς,

294 5096 357 5159 εἷς
418 5098 765 5174 Καπερναοὺμ
825 5095 1055 5164 είσῆλθε·
1117 5105 1205 5154 νὺν
1290 5096 1369 5171 δὲ,
1428 5098 1533 5153 ἀπὸ
1590 5098 1688 5165 τῆς
1748 5105 1929 5170 Σαμα-

297 5187 450 5265 ρείας,
504 5187 591 5243 καὶ
647 5188 743 5244 οὐκ
792 5186 865 5249 εἰς
927 5188 1296 5268 Καπερναοὺμ,
1329 5186 1451 5244 ἀλλ’
1479 5189 1551 5252 εἷς
1610 5195 1776 5249 Κανᾶ.
1812 5186 1931 5246 Ἐπὶ

298 5280 469 5351 πᾶσιν,
532 5272 736 5337 ἐκεῖνος
794 5275 892 5349 μὲν
950 5275 1362 5356 ἑκατόνταρχος
1398 5287 1549 5340 οὗτος
1607 5274 1685 5352 δὲ,
1716 5276 1931 5353 βασιλι-

298 5365 379 5425 κὸς
436 5364 499 5418 τὸ
555 5362 784 5439 ἀξίωμα.
816 5360 987 5428 Ἀξιοῖ
1018 5364 1113 5441 μὲν
1145 5365 1233 5423 οὖν
1263 5368 1291 5422 ὁ
1320 5364 1595 5443 βασιλικὸς
1626 5367 1715 5421 τὸν
1748 5366 1935 5445 Κύριον

297 5454 563 5511 κατελθεῖν
618 5453 691 5513 ὡς
748 5453 963 5519 ἰάσηται
1015 5455 1106 5510 τὸν
1185 5454 1317 5511 υἱόν·
1351 5458 1379 5511 ὁ
1411 5453 1463 5511 δὲ
1541 5465 1728 5533 Κυριος
1799 5459 1934 5512 καθ-

366 5635 424 5686 ﬁ
451 5638 619 5699 Joan.
656 5642 757 5704 v11,
791 5631 894 5693 5'2.

2010 3305 2607 3370 maritanorum.Nam
2632 3315 2691 3367 et
2711 3304 2936 3368 Galilaai
2957 3304 3653 3385 quidem,inquit,susce-

2008 3403 2223 3473 perunt
2253 3414 2386 3457 eum
2419 3404 2665 3477 propter
2691 3395 2858 3473 signa
2873 3413 3004 3474 qua;
3020 3393 3170 3455 facta
3189 3403 3326 3454 sunt
3346 3393 3407 3453 in
3435 3391 3648 3454 Hiero-

2008 3482 2272 3564 solymis,
2307 3494 2365 3546 et
2392 3486 2548 3565 apud
2582 3503 2649 3547 se
2684 3501 2697 3548 :
2744 3483 3100 3546 Samaritani
3131 3490 3329 3543 autem
3360 3481 3435 3543 ob
3469 3482 3651 3543 solius

2009 3573 2277 3634 mulieris
2302 3574 2798 3649 testimonium,et
2820 3572 3008 3654 ipsius
3032 3570 3269 3633 Domini
3291 3571 3646 3635 doctrinam.

2006 3660 2282 3725 Ostendit
2308 3664 2557 3744 insuper
2592 3667 2750 3744 quod
2782 3672 2841 3725 et
2874 3662 3072 3741 regius
3101 3661 3202 3723 ille
3246 3680 3313 3722 ex
3364 3661 3650 3723 miraculo

2009 3755 2161 3833 quod
2197 3753 2259 3812 in
2290 3752 2446 3816 Cana
2495 3762 2622 3814 erat
2669 3753 2913 3827 factum,
2976 3751 3192 3812 bonam
3224 3751 3542 3831 quamdam
3577 3752 3650 3810 de

2010 3839 2241 3904 Christo
2272 3843 2614 3925 opinionem
2647 3850 3029 3923 conceperat,
3064 3841 3303 3903 tametsi
3332 3840 3529 3901 minus
3552 3840 3647 3900 di-

2004 3933 2463 4012 gnamRegium
2486 3943 2680 3994 autem
2707 3932 2871 3993 illum
2896 3930 3179 4011 vocat,vel
3211 3929 3371 4010 quod
3395 3948 3462 3990 ex
3485 3929 3649 4007 regio

2004 4028 2129 4080 erat
2150 4040 2260 4099 gen
2271 4022 2493 4098 ere,vel
2515 4020 2672 4101 quod
2694 4020 2935 4099 gerebat
2952 4018 3300 4097 dignitatem
3333 4019 3646 4098 quamdam

2003 4107 2078 4169 ob
2112 4128 2286 4189 quam
2308 4111 2393 4171 sic
2415 4110 2910 4176 vocabatur.Num
2941 4107 3305 4184 igitur,dicet
3325 4108 3646 4187 quis,idem

2010 4206 2101 4258 est
2128 4218 2262 4259 cum
2294 4198 2645 4260 centurione
2670 4196 2825 4277 apud
2856 4197 3193 4257 Matthaeum
3228 4196 3253 4257 Υ
3281 4198 3428 4259 Nam
3470 4205 3527 4254 ct
3550 4196 3650 4257 ille

2010 4304 2080 4346 ex
2111 4285 2481 4367 Capernaum
2512 4283 2794 4350 erat.Non
2823 4285 3036 4365 opinor
3057 4286 3331 4365 equidem
3356 4285 3523 4345 illum
3555 4304 3647 4345 es-

2010 4378 2209 4457 se,sed
2233 4377 2415 4437 alium
2460 4375 2603 4437 Nam
2637 4376 2738 4436 ille
2760 4375 3004 4455 quidem
3037 4382 3095 4435 et
3124 4374 3416 4437 volentem
3453 4374 3652 4435 venire

2011 4464 2310 4527 Christum
2346 4465 2643 4545 prohibet,
2677 4464 2923 4526 dicens:
2964 4488 2990 4519 α
3018 4461 3147 4524 Non
3179 4481 3310 4525 sum
3349 4464 3560 4543 dignus
3593 4475 3651 4525 ut

2010 4555 2121 4616 sub
2153 4563 2371 4617 tectum
2410 4572 2604 4617 meum
2634 4553 2987 4632 ingrediaris
3014 4550 3257 4617 2imlste
3282 4571 3417 4614 vero
3446 4553 3647 4615 Jesum

2010 4644 2069 4705 in
2096 4645 2336 4706 domum
2362 4662 2525 4705 suam
2561 4642 3012 4705 trabit.Etillius
3038 4642 3279 4723 quidem
3307 4662 3455 4724 puer
3478 4663 3649 4724 para-

2010 4733 2117 4814 lysi
2140 4732 2754 4806 dctinebatur,servus
2776 4730 3256 4794 videlicetzistius
3271 4740 3463 4793 autem
3498 4735 3653 4794 (ilius

2009 4823 2261 4886 febri.Et
2284 4824 2408 4885 illic
2437 4822 2678 4903 quidem
2708 4840 2840 4883 cum
2873 4841 2906 4881 a
2962 4829 3160 4883 monte
3214 4821 3649 4901 descendisset,

2011 4915 2445 4995 etCapernaum
2475 4912 2778 4990 ingressus
2806 4922 2923 4974 est:
2961 4930 3117 4971 nunc
3152 4919 3346 4973 autem
3381 4932 3412 4973 a
3442 4915 3651 4974 Sama-

2011 5004 2120 5079 ria,
2157 5014 2359 5065 etnon
2391 5003 2452 5064 in
2483 5006 2875 5082 Capernaum,
2907 5001 3047 5061 566
3090 5002 3195 5062 sed
3225 5002 3286 5062 in
3346 5002 3524 5067 Cana.
3589 5004 3652 5065 In

2013 5094 2374 5168 summa,ille
2392 5092 2790 5167 centurio,hic
2802 5100 2995 5153 autem
3010 5091 3327 5169 regiusfuit
3342 5094 3649 5172 dignitate.

2014 5181 2157 5247 Orat
2186 5184 2365 5263 igitur
2404 5185 2606 5262 regius
2648 5182 2751 5243 ille
2788 5181 3106 5243 Dominum
3139 5190 3201 5243 ut
3228 5182 3552 5244 descendat
3580 5186 3651 5245 ad

2014 5277 2340 5336 sanandum
2362 5272 2952 5335 ﬁliumAtDominus
2969 5270 3305 5351 perstringit
3320 5291 3391 5333 eu
3402 5283 3655 5353 m,utpo-

2016 5373 2073 5425 te
2104 5383 2221 5425 non
2249 5364 2707 5446 perfectam,sed
2734 5380 2969 5442 parvam
2996 5360 3316 5423 habentem
3343 5362 3652 5426 ﬁdem.Di-

2016 5455 2207 5517 cendo
2230 5455 2453 5534 enim,«
2484 5452 2818 5527 Descende,
2840 5450 3177 5533 priusquam
3201 5457 3482 5516 moriatur
3503 5455 3655 5516 ﬁlius

979 5628 1034 5672 ³³
1062 5630 1232 5694 Deut.
1267 5650 1429 5709 xvm,
1464 5635 1558 5695 15.
1648 5636 1708 5686 24
1734 5637 1940 5701 Matth.
1974 5651 2097 5711 vm,
2132 5638 2189 5699 8.
