4116 6318
486 347 644 415 1263
1452 339 2039 410 THEOPHYLACTI
2084 337 2495 408 BULoAnm:
2541 347 2895 411 ARCHIEP.
3743 341 3919 404 1264
4030 309 4031 324 ‘

477 483 759 569 supplicii
780 501 1120 546 mensuram
1141 483 1398 564 amplam
1424 477 1898 569 impendiLSane
1924 502 2102 564 pecca

2294 477 2489 554 ipo'moo
2544 483 2657 558 βίον
2713 481 2911 562 σχεδὸν
2974 480 3252 548 ἠνάλωσεν
3321 480 3376 535 ἐν
3431 486 3509 555 τῷ
3581 482 3762 553 μήκει
3816 477 3919 545 τῆς

479 581 534 641 ta
565 568 687 634 non
722 572 1073 653 judicantur
1116 580 1409 652 tempore,
1467 568 1571 631 sed
1613 569 1740 650 ipsa
1786 570 2104 636 delictorur

2289 569 2503 653 αωρίας,
2565 575 2639 630 Οὐ
2681 571 2781 649 γὰρ
2853 571 3034 650 χρόνῳ
3086 569 3150 625 τὰ
3197 569 3557 646 ἁμαρτήματα
3623 569 3914 645 κρίνεται,

480 651 876 735 ηᾶῐυη.ῥιιὶη
897 662 993 752 hic
1017 668 1075 722 et
1095 658 1889 752 illuddiscimus,quodqlicet
1904 681 2105 752 graver

2288 651 2346 709 ,λ’
2404 660 2538 732 αὐτῇ
2595 664 2663 735 τῇ
2733 659 2881 738 φύσει
2952 658 3058 713 τῶν
3137 655 3702 731 πεπλεμμελημένων,
3750 656 3913 710 Μετὰ

479 751 708 813 luamus
733 768 836 832 pro
872 751 1082 831 primis
1110 750 1370 830 peccatis
1406 765 1660 830 poenam,
1693 749 1741 809 si
1773 743 1994 812 deinde
2023 751 2104 812 ite

2289 743 2425 800 ύτων
2483 747 2704 803 κάκεῖνο
2764 746 3121 822 μανθάνομεν,
3185 743 3264 802 ὅτι
3296 744 3394 800 κᾶν
3423 746 3674 824 χαλεπὴν
3712 743 3913 818 Ειμεν

478 857 612 902 rum
647 839 707 900 in
740 838 951 900 eadem
982 837 1318 899 incidamus
1345 843 1607 915 peccata,
1631 836 1845 896 iterum
1872 838 2103 916 gravior

2284 832 2351 912 τὲρ
2406 840 2513 889 τῶν
2571 835 2839 916 προτέρων
2917 835 3318 913 ἁμαρτημάτων
3376 836 3473 902 τὴν
3532 833 3714 912 δίκην,
3775 835 3909 889 εἶτα

479 929 794 1010 patiemur,
823 927 1000 1010 idque
1028 926 1267 989 merito.
1300 924 1410 997 Qui
1435 924 1594 985 enim
1629 923 1809 1004 priori
1845 926 2100 1008 supplici

2289 933 2340 984 τς
2385 925 2569 988 αὐτοῖς
2632 925 2977 1002 ἁμαρτήμασι
3024 921 3183 979 πόλιν
3226 922 3566 1002 ἐμφυρῶμεν,
3612 922 3909 1010 χαλεπώ-

481 1006 596 1079 non
632 1006 982 1078 emendatius
1017 1024 1129 1089 est,
1165 1014 1237 1075 ad
1277 1015 1501 1092 majora
1540 1021 1835 1075 tormenta
1863 1006 2106 1078 ducetur

2285 1031 2349 1085 ρα
2406 1011 2570 1068 πάλιν
2612 1015 2906 1090 πεισόμεθα
2943 1033 2958 1049 ⁸
3016 1014 3104 1069 καὶ
3161 1011 3306 1088 μάλα
3365 1013 3605 1076 εἰκότως.
3649 1006 3715 1070 ι0
3801 1018 3908 1090 γὰρ

479 1115 758 1188 tanquam
806 1105 1143 1166 insensatus
1176 1112 1234 1165 et
1264 1111 1658 1184 contemptor.
1696 1100 1769 1162 Et
1796 1123 2000 1185 quare,
2037 1105 2098 1165 in

2281 1097 2359 1166 νιδέ
2414 1107 2480 1178 τῇ
2533 1103 2763 1182 προτέρα
2821 1105 3044 1181 τιμωρίᾳ
3127 1101 3449 1179 βελτιωθεὶς,
3510 1103 3595 1158 ἐπὶ
3666 1104 3906 1178 μείζονα

477 1186 624 1277 quit,
661 1215 779 1256 non
836 1212 1046 1256 omnes
1108 1194 1196 1254 sic
1243 1190 1606 1272 puniuntur?
1635 1189 1868 1253 Etenim
1920 1194 2102 1256 multo

2278 1205 2404 1263 πεται
2464 1189 2815 1274 κολαστήρια,
2877 1194 2950 1258 ὡς
3010 1192 3324 1258 ἀναίσθητος
3402 1194 3487 1248 καὶ
3533 1215 3903 1271 καταφρονη-

479 1285 892 1366 improborum
928 1283 1200 1344 videmus
1232 1281 1386 1343 bene
1419 1281 1684 1342 valentes
1711 1291 2053 1363 corpore,et
2077 1283 2104 1343 i1

2278 1280 2341 1347 is.
2393 1280 2490 1336 Καὶ
2533 1281 2673 1347 τίνος
2713 1280 2912 1354 ἕνεκεν,
2947 1281 3130 1359 φησὶν,
3176 1280 3235 1336 οὐ
3278 1281 3473 1344 πάντες
3517 1281 3656 1337 οὕτω
3715 1281 3903 1338 κολά-

476 1373 706 1435 deliciis
737 1392 806 1434 ac
834 1372 1228 1453 prosperitate
1287 1372 1572 1434 viventes.
1608 1371 1827 1432 Verum
1861 1372 2020 1453 quod
2049 1372 2101 1434 ill

2279 1389 2392 1423 νται
2421 1386 2444 1446 ,'
2483 1370 2578 1426 Καὶ
2632 1371 2731 1449 γὰρ
2766 1369 2997 1432 πολλοὺς
3047 1371 3256 1447 ὁρῶμεν
3317 1376 3422 1426 τῶν
3466 1368 3680 1450 φαύλων
3714 1372 3900 1426 εὐσω-

476 1462 623 1524 nihil
658 1463 752 1523 hic
776 1459 1383 1542 patiuntur,viaticum
1405 1460 1518 1521 erit
1542 1460 1627 1520 eis
1660 1460 1730 1522 ad
1766 1461 2101 1545 supplicium

2275 1465 2536 1532 ιτοῦντας,
2569 1461 2656 1514 καὶ
2705 1465 3062 1538 σφριγῶντας,
3095 1462 3185 1514 καὶ
3235 1459 3650 1537 εὐημεροῦντας.
3720 1458 3900 1516 Ἀλλὰ

474 1552 894 1632 gravius,quod
925 1550 1068 1612 alibi
1098 1549 1401 1613 ferent.Et
1429 1550 1541 1610 hoc
1572 1551 1792 1612 Paulus
1824 1550 2096 1612 manifest

2271 1575 2277 1602 μ
2334 1547 2500 1624 μηδὲν
2587 1551 2772 1614 αὐτοὺς
2849 1553 3035 1607 παθεῖν
3095 1550 3336 1624 ἑνταῦθα,
3413 1549 3620 1628 ἑφόδιον
3679 1554 3896 1629 γίνεται

474 1641 708 1703 dicebat
736 1659 750 1703 :
794 1666 821 1696 ι
853 1642 1000 1702 Cum
1035 1640 1194 1701 enim
1224 1639 1572 1719 judicamur
1601 1658 1635 1700 a
1663 1639 1941 1721 Domino,
1980 1664 2006 1694 »
2038 1639 2098 1700 bi

2271 1637 2455 1707 ιίζονος
2501 1637 2616 1695 ἐκεῖ
2659 1641 2913 1717 τιμωρίας
2950 1657 2963 1670 '
3013 1641 3098 1694 καὶ
3163 1645 3317 1695 τοῦτο
3376 1637 3553 1705 δηλῶν
3596 1641 3623 1695 ὁ
3670 1640 3896 1703 Παῦλος

471 1730 1171 1803 εοίιίεει,ιθι·ιιι1ὶιηιιι·,υι
1194 1748 1267 1790 ne
1290 1748 1424 1790 cum
1449 1728 1562 1791 hoc
1589 1730 1812 1792 mundo
1845 1728 2094 1791 condem

2271 1746 2420 1806 .εγεν,
2449 1725 2530 1783 ὅτι
2569 1751 2596 1782 α
2633 1729 2948 1804 Κρινόμενοι
2981 1729 3082 1782 ὑπὸ
3117 1726 3326 1806 Κυρίου,
3362 1754 3388 1785 ι
3423 1729 3636 1784 ἐνταῦθα
3689 1728 3896 1796 δηλον-

473 1838 685 1884 nemur
704 1819 789 1894 26,
819 1844 848 1877 ι
883 1819 1023 1881 alibi
1047 1818 1324 1880 videlicet
1350 1840 1362 1877 :
1401 1835 1536 1879 nam
1566 1817 1816 1899 quaehic
1847 1816 2094 1892 ﬁunt,ad

2270 1837 2322 1889 τι,
2391 1837 2415 1872 ο
2465 1813 2840 1895 παιδευόμεθα,
2888 1816 2980 1872 ’ίνα
3034 1817 3110 1891 μὴ
3154 1817 3245 1872 σὺν
3289 1822 3367 1890 τῷ
3397 1818 3584 1892 κόσμῳ
3613 1839 3895 1897 κατακρι-

472 1910 815 1971 monitionis
854 1917 1029 1970 sunt:
1072 1926 1205 1989 quae
1235 1915 1434 1970 autem
1468 1906 1638 1990 alibi,
1672 1906 2097 1988 suppliciorum

2267 1910 2412 1980 ὒμεν,
2454 1926 2476 1961 ι
2541 1905 2658 1962 in!
2701 1902 2904 1974 δηλαδή
2943 1923 2955 1936 ·
3017 1907 3080 1961 τὰ
3135 1906 3233 1979 μὲν
3275 1906 3375 1985 γὰρ
3419 1905 3635 1962 ἑνταυθα
3693 1911 3892 1963 νουθε-

470 1997 621 2070 Quid
651 1997 862 2078 igitur?
893 1996 1180 2080 numquid
1211 2014 1419 2058 omnes
1443 1995 1636 2057 morbi
1669 2003 1903 2057 suntex
1927 2012 2095 2074 pecca

2268 2015 2352 2068 ας,
2413 1995 2480 2051 τὰ
2538 1993 2592 2051 δὶ
2647 1997 2764 2051 bat
2818 1994 3074 2073 τιμωρίας
3133 1993 3264 2057 ἐστί,
3314 1996 3376 2052 Τί
3413 1996 3548 2074 οὐνς
3601 1996 3789 2052 Πάντα
3821 1999 3891 2052 τὰ

473 2086 579 2148 tis?
610 2085 738 2148 Non
770 2104 979 2148 omnes
1009 2085 1278 2166 quidem,
1335 2084 1443 2147 sed
1498 2083 1721 2164 plures.
1757 2083 1942 2146 Morbi
1976 2085 2098 2145 enim

2265 2085 2491 2160 ισήματα
2548 2083 2600 2150 ἐξ
2647 2084 3047 2160 ἁμαρτημάτων
3083 2103 3100 2159 ;
3145 2084 3217 2141 Οὐ
3261 2085 3431 2141 πάντα
3485 2085 3606 2160 μὲν,
3638 2084 3784 2140 ἀλλὰ
3823 2088 3890 2141 τὰ

469 2175 648 2256 aliqui
667 2184 909 2257 propter
940 2182 1182 2256 peccata
1215 2172 1523 2252 accidunt,
1549 2175 1701 2234 sicut
1731 2181 1793 2235 et
1821 2172 1992 2234 istius
2023 2191 2094 2252 pa

2264 2173 2456 2237 λείονα.
2502 2177 2579 2236 Τὰ
2649 2175 2745 2253 μὲν
2828 2178 2926 2252 γὰρ
2979 2172 3046 2230 δι’
3107 2176 3488 2253 ἁμαρτήματα,
3549 2175 3733 2254 ὥσπερ
3795 2178 3889 2231 καὶ

469 2264 784 2344 ralytici,et
806 2265 862 2325 in
888 2264 1055 2325 libris
1083 2263 1309 2342 Regum
1340 2263 1615 2324 videmus
1634 2261 1954 2341 quemdam
1977 2261 2094 2323 Iabc

2260 2273 2307 2322 >6
2361 2263 2660 2344 παραλύτου
2715 2265 2926 2343 τούτου,
2986 2264 3073 2320 καὶ
3135 2263 3189 2319 ἐν
3247 2275 3370 2326 ταῖς
3444 2262 3744 2325 Βασιλείαις
3827 2262 3885 2319 δὲ

467 2361 696 2414 rantem
727 2352 938 2414 dolore
963 2352 1178 2432 pedum
1207 2359 1454 2434 propter
1486 2360 1789 2430 peccatum
1811 2349 1892 2413 ‘37.
1927 2350 2092 2430 Aliqi

2258 2353 2421 2428 »ὦμεν
2464 2375 2582 2410 τινα
2627 2351 2889 2431 ποδαλγίᾳ
2943 2354 3295 2430 περιπεσόντα
3344 2350 3412 2408 δι’
3460 2353 3718 2432 ἁμαρτίας
3749 2367 3766 2381 ⁶
3813 2355 3883 2409 τὰ

468 2449 664 2502 autem
697 2449 834 2502 sunt
869 2449 1116 2521 propter
1135 2439 1545 2521 probationem
1563 2449 1623 2501 et
1643 2438 2093 2520 praedicationer

2256 2440 2379 2499 εδι⁹
2437 2441 2774 2518 εὐδοκίμησιν
2830 2443 2917 2498 καὶ
2986 2441 3295 2522 ἀνάῤῥησιν,
3367 2442 3546 2520 ὥσπερ
3620 2442 3710 2498 ἐπὶ
3785 2450 3881 2498 τοῦ

469 2531 621 2592 sicut
654 2528 896 2591 morbus
923 2528 1059 2606 Job,
1094 2538 1158 2590 ut
1190 2535 1557 2590 monstretur
1587 2530 1719 2608 ejus
1749 2529 1958 2592 virtus.
1981 2528 2090 2601 Qui

2252 2529 2355 2612 ὼϐ,
2391 2533 2485 2589 ’ίνα
2514 2530 2704 2612 δειχθῇ
2735 2535 2768 2601 ἡ
2827 2533 2989 2611 ἀρετὴ
3041 2535 3200 2591 αὐτοῦ
3231 2547 3246 2562 ⁸
3297 2535 3526 2611 γίνονται
3552 2529 3605 2587 δέ
3632 2553 3751 2587 τινα
3787 2534 3877 2587 καὶ

469 2619 605 2680 dam
637 2627 833 2680 autem
871 2619 1048 2680 etiam
1083 2617 1154 2679 ab
1185 2618 1414 2701 ignavia
1445 2616 1740 2693 oriuntur,
1767 2625 1969 2699 utpote
1992 2619 2088 2697 gul

2249 2623 2318 2677 πὸ
2361 2621 2632 2700 ῥᾳθυμίας,
2696 2625 2814 2678 οἷον
2871 2621 3290 2700 γαστριμαργίας
3333 2622 3421 2677 καὶ
3480 2621 3672 2697 μέθης.
3719 2622 3874 2680 Τινὲς

471 2706 855 2769 etebrietate.
886 2706 1036 2769 Sunt
1068 2715 1263 2767 autem
1303 2706 1574 2768 nonnulli
1598 2706 1699 2787 qui
1721 2708 2096 2788 conjecturam

2242 2708 2264 2764 ἒ
2321 2710 2426 2766 ἀπὸ
2475 2717 2567 2766 τοῦ
2625 2712 2794 2766 εἰπεῖν
2839 2710 2930 2766 τὸν
2961 2711 3168 2789 Κύριον,
3209 2729 3240 2768 1
3272 2709 3476 2776 Μηκέτι
3508 2710 3805 2788 ἁμάρτανε,
3843 2734 3867 2768 ι

468 2805 716 2858 sumunt
747 2797 951 2867 ex_hoc
989 2795 1145 2876 quod
1177 2793 1465 2858 Dominus
1505 2795 1672 2877 dicit,
1711 2825 1733 2855 ι
1767 2798 1855 2860 Ne
1883 2796 2092 2878 postba

2246 2799 2596 2878 τοχαζόμενοι
2654 2799 3058 2878 ἀποφαίνονται,
3121 2798 3198 2855 ὅτι
3249 2807 3429 2856 τοῦτον
3473 2800 3564 2854 τὸν
3621 2798 3871 2878 παράλυ-

468 2903 714 2965 pecces:
745 2911 770 2941 ι
805 2893 865 2947 et
893 2893 1168 2946 asserunt
1198 2884 1355 2966 quod
1385 2883 1675 2947 Dominus
1705 2885 1945 2948 sciverit
1967 2904 2093 2967 quoi

2244 2910 2299 2943 ον
2343 2887 2458 2964 ᾔδει
2519 2890 2547 2944 ὁ
2607 2889 2797 2967 Κύριος
2860 2886 3123 2961 μέλλοντα
3177 2887 3448 2954 ὑποδεῖξαι
3534 2891 3715 2963 αὐτὸν,
3781 2899 3869 2950 καὶ

469 2973 824 3054 paralyticus
858 2974 959 3034 ille
991 2972 1360 3034 indicaturus
1391 2980 1550 3034 esset
1600 2980 1659 3034 et
1689 2972 2091 3052 signiﬁcatum

2246 2983 2578 3052 αταμηνῦσαι
2643 2989 2760 3042 τοϊς
2806 2975 3097 3052 Ἰουδαίοις,
3145 2977 3260 3053 μεθ’
3304 2979 3330 3032 ὃ
3397 2979 3540 3056 εὗρεν
3596 2979 3757 3034 αὐτὸν
3816 2979 3869 3032 ἐν

467 3064 709 3140 Iudaeis,
746 3073 1051 3144 postquam
1094 3062 1417 3153 reperisset
1466 3080 1600 3123 eum
1622 3064 1726 3153 ‘in
1760 3062 1981 3142 templo
2017 3084 2031 3153 ι
2069 3082 2092 3124 ε

2337 3067 2485 3142 ἱερῷ,
2516 3067 2604 3122 καὶ
2634 3064 2716 3121 διὰ
2748 3066 2904 3122 τοῦτό
2954 3088 3084 3146 φησι
3114 3081 3128 3095 ·
3196 3089 3224 3120 ιι
3260 3066 3464 3133 Μηκέτι
3495 3066 3790 3145 ἁμάρτανε,
3837 3089 3859 3122 ι

468 3165 786 3233 propterea
814 3153 1114 3215 dicitzoNe
1146 3152 1299 3213 ultra
1332 3149 1734 3230 pecces.nSed
1768 3171 1885 3213 non
1909 3152 2093 3213 estita

2241 3153 2359 3210 λλλ⁹
2414 3156 2507 3211 οὐκ
2562 3154 2672 3211 ἔστι
2717 3165 2894 3215 τοῦτο.
2941 3157 3188 3211 Φαίνεται
3247 3156 3346 3234 γὰρ
3393 3152 3621 3222 εὐλαϐὴς
3674 3157 3701 3211 ὁ
3765 3154 3866 3209 ἅν-

469 3241 716 3303 Videtur
739 3243 894 3302 enim
923 3239 1054 3321 pius
1077 3241 1255 3302 homo
1279 3259 1434 3303 esse.
1460 3239 1603 3301 Nam
1652 3265 1678 3295 «
1704 3240 1929 3320 reperit
1959 3259 2093 3302 eum

2241 3263 2434 3322 ρωπος.
2502 3264 2526 3300 ι
2577 3243 2814 3322 Εὑρίσκει
2874 3243 2974 3322 γὰρ
3032 3243 3215 3323 αὐτὸν,
3274 3245 3454 3322 φησὶν,
3490 3245 3516 3299 ὁ
3562 3240 3776 3310 Ἰησοῦς
3809 3242 3866 3298 ἂν

474 3328 871 3410 inquit,Jesus
904 3330 961 3390 in
990 3329 1398 3410 templo,»nisi
1432 3329 1592 3390 enim
1622 3329 1753 3410 pius
1776 3329 2099 3404 fuisset,ex-

2239 3336 2282 3405 ᾦ
2310 3333 2454 3411 ἱερῷ.
2505 3355 2532 3387 ι
2570 3333 2751 3389 Καίτοι
2797 3334 2841 3388 εί
2891 3333 2968 3409 μὴ
3001 3330 3229 3400 εὐλαϐὴς
3273 3332 3362 3407 ἦν,
3410 3332 3584 3389 ἆνὲσει
3613 3332 3700 3387 καὶ
3735 3351 3864 3410 τρυ-

475 3419 768 3498 posuisset
790 3437 855 3480 se
877 3419 1162 3499 voluptati
1187 3427 1243 3478 et
1265 3417 1498 3479 deliciis
1518 3419 1576 3478 in
1590 3418 1831 3480 domum
1847 3436 2096 3479 currens

2237 3427 2280 3498 ιῇ
2327 3420 2389 3477 ἂν
2446 3419 2694 3486 ἒξέδωκεν
2753 3423 2961 3502 ἑαυτὸν,
3012 3418 3198 3478 οἴκαδε
3228 3419 3463 3500 δραμὼν,
3497 3422 3584 3477 καὶ
3613 3420 3862 3500 ἐξέφυγεν

479 3507 612 3568 511
651 3515 708 3568 et
728 3507 1388 3594 eﬂ'ugissetJudaeorum
1431 3506 1748 3583 insaniam,
1781 3506 1991 3568 neillis
2021 3525 2104 3568 ra-

2235 3515 2269 3565 ἰν
2312 3510 2408 3578 τὴν
2465 3515 2572 3566 τῶν
2629 3507 2896 3567 Ἰουδαίων
2939 3510 3151 3590 μανίαν,
3198 3511 3286 3567 καὶ
3327 3510 3422 3572 τὰς
3478 3507 3860 3587 λογοπραγίας⁶

477 3597 702 3658 tionem
737 3596 1018 3658 redderet
1052 3613 1065 3657 :
1101 3595 1204 3655 sed
1236 3595 1380 3655 nihil
1415 3594 1624 3656 horum
1662 3593 1870 3656 terruit
1899 3613 2033 3657 eum
2069 3615 2102 3656 u

2241 3598 2328 3656 λλ⁹
2385 3597 2529 3657 οὐδὲν
2581 3601 2780 3656 τούτων
2837 3600 2995 3656 αὐτὸν
3060 3599 3309 3666 ἐποίησεν
3342 3600 3639 3665 ἀποστῆναι
3668 3606 3765 3655 τοῦ
3794 3601 3866 3654 ἱε-

477 3686 792 3746 desisteret
846 3704 881 3746 a
939 3684 1183 3764 templo.
1232 3681 1349 3746 Sed
1413 3693 1471 3745 et
1524 3693 1833 3764 postquam
1896 3684 2102 3763 agnovi

2242 3696 2299 3745 οὐ
2332 3704 2347 3719 ⁸
2409 3687 2546 3746 ἀλλὰ
2600 3689 2688 3744 καὶ
2740 3691 2875 3765 μετὰ
2932 3692 2993 3745 τὸ
3036 3688 3322 3767 ἐπιγνῶναι
3380 3691 3473 3744 τὸν
3501 3687 3736 3760 Ἰησοῦν,
3771 3687 3867 3767 ὅρα

470 3774 841 3850 Jesum,vide
872 3781 1091 3854 quanta
1117 3772 1472 3852 gratitudine
1503 3791 1638 3834 eum
1669 3770 1886 3836 Iudaeis
1918 3772 2095 3853 praedi

2237 3783 2326 3841 ιὼς
2372 3779 2528 3835 αὐτὸν
2582 3779 2928 3857 εὐγνωμόνως
2989 3779 3332 3857 ἀνακηρύττει
3393 3791 3512 3840 τοῖς
3567 3774 3862 3841 Ἰουδαίοις,

477 3859 727 3925 cet.Non
758 3860 918 3923 enim
950 3860 1295 3935 dicit,Jesus
1323 3870 1410 3923 est
1440 3862 1539 3942 qui
1560 3860 1711 3924 dixit
1741 3862 1887 3923 mihi
1917 3883 1930 3921 :
1961 3861 2102 3924 Tolli

2244 3869 2285 3924 ιύ
2325 3869 2424 3948 γὰρ
2483 3867 2651 3948 λέγει,
2714 3865 2794 3923 ὅτι
2841 3867 3048 3935 Ἰησοῦς
3108 3868 3250 3924 ἐστιν
3305 3869 3333 3923 ὁ
3396 3866 3559 3923 εἰπὼν
3601 3865 3721 3943 ἆραι
3778 3869 3869 3923 τὸν

471 3951 804 4030 grabatum;
838 3955 892 4014 id
927 3951 1083 4033 quod
1116 3953 1198 4012 illi
1230 3951 1436 4013 audire
1467 3951 1766 4027 volebant;
1800 3952 1906 4014 sed
1939 3953 1990 4014 is
2030 3971 2096 4033 qu

2241 3955 2533 4038 .ράϐϐατον,
2598 3957 2727 4036 ὅπερ
2781 3957 2978 4015 ἐκεῖνοι
3040 3956 3228 4025 ἤθελον
3259 3957 3489 4033 ἀκούειν,
3523 3954 3641 4012 ἀλλ’
3673 3958 3700 4012 ὁ
3736 3979 3866 4013 ποι-

473 4042 667 4121 ipsum
701 4059 909 4102 sanum
945 4041 1084 4103 fecit
1116 4059 1130 4104 :
1169 4039 1228 4101 id
1264 4040 1419 4121 quod
1454 4040 2098 4119 audirenonferebant

2239 4049 2346 4117 ᾖσας
2404 4047 2559 4104 αὐτὸν
2600 4048 2747 4125 ὑγιῆ,
2796 4047 2924 4126 ὅπερ
2955 4048 3167 4104 ἀκούειν
3200 4048 3294 4104 οὐκ
3319 4047 3627 4126 ἠνείχοντο,
3658 4045 3864 4124 ἔγκλη-

481 4149 584 4211 pro
613 4131 867 4191 crimine
917 4130 1206 4192 habentes
1253 4128 1490 4192 Sabbati
1521 4130 1936 4192 violationem?
1964 4130 2106 4204 Qum

2240 4158 2288 4192 ια
2345 4136 2649 4211 ποιούμενοι
2693 4137 2792 4202 τὴν
2845 4143 2938 4192 τοῦ
2995 4133 3272 4192 Σαϐϐάτου
3325 4134 3639 4214 παράλυσιν,
3706 4137 3768 4191 El
3811 4133 3865 4190 δί

475 4228 669 4281 autem
701 4221 886 4283 Judaei
913 4219 1422 4302 persequebantur
1442 4217 1785 4295 Dominum,
1813 4220 1958 4303 quid
1987 4238 2092 4301 pro

2237 4223 2459 4282 ιουδατοι
2519 4223 2733 4282 ἐδίωκον
2793 4227 2883 4281 τὸν
2942 4223 3157 4305 Κύριον,
3221 4225 3271 4282 τί
3312 4226 3454 4303 παρὰ
3480 4231 3637 4282 τοῦτο
3676 4223 3862 4302 ἦμαρ-

477 4317 681 4389 pterea
732 4311 997 4389 peccavit
1027 4310 1203 4370 homo
1236 4309 1338 4390 qui
1379 4307 1550 4370 illum
1585 4309 1671 4370 eis
1703 4308 2001 4370 ostendit?
2027 4308 2102 4390 Ip

2241 4334 2301 4369 εν
2357 4313 2384 4370 ὃ
2436 4312 2733 4393 ἄνθρωπος,
2780 4313 3048 4379 ὑποδείξας
3083 4315 3237 4370 αὐτὸν
3279 4315 3506 4390 αὐτοτςς
3554 4313 3722 4377 Αὐτὸς
3765 4313 3866 4389 μὲν

475 4415 540 4459 se
595 4399 751 4460 enim
787 4408 950 4478 grata
977 4406 1197 4473 mente,
1232 4407 1296 4458 ut
1325 4408 1382 4462 et
1409 4397 1559 4459 alios
1590 4397 1662 4459 ad
1717 4398 1894 4459 ﬁdem
1943 4407 2096 4460 attra

2238 4405 2315 4484 γὰρ
2373 4402 2468 4460 ἀπ’
2525 4403 2855 4481 εὐγνώμονος
2912 4401 3164 4482 διανοίας,
3220 4401 3314 4458 ’ίνα
3355 4404 3443 4458 καὶ
3483 4402 3607 4466 τοὺς
3673 4400 3863 4466 ἄλλους

477 4488 670 4561 heret,
709 4487 1070 4570 praedicabat
1115 4485 1512 4549 Servatorem.
1541 4492 1606 4546 At
1637 4504 1770 4548 cum
1804 4485 1886 4546 illi
1921 4505 2094 4567 perse

2233 4491 2573 4573 εφελγύσηται
2616 4494 2748 4570 πρὸς
2793 4493 2988 4572 πίστιν,
3031 4491 3284 4570 ἐκήρυττε
3351 4492 3441 4547 τὸν
3486 4493 3810 4568 θεραπευτὴν
3845 4507 3858 4521 ·

479 4584 805 4656 querentur
860 4575 1330 4656 benefactorem,
1363 4575 1629 4655 ipsorum
1692 4586 1819 4638 erat
1875 4577 2102 4637 crimen

2240 4585 2265 4638 ιί
2325 4579 2378 4637 δὲ
2435 4584 2633 4639 ἱκετνοι
2695 4579 2908 4647 ἐδίωκον
2971 4583 3061 4638 τὸν
3133 4579 3435 4660 εὐεργέτην,
3516 4579 3728 4637 ἱκείνων
3802 4601 3865 4636 το

481 4668 660 4726 Porro
688 4683 794 4745 per
817 4664 1178 4746 probaticam
1202 4665 1490 4744 piscinam
1515 4665 1782 4744 intellige
1813 4667 2106 4743 baptisma

2247 4669 2492 4750 γκλημα.
2551 4671 2674 4728 Νόει
2731 4669 2784 4726 ei
2839 4692 2931 4745 μοι
2963 4668 3285 4747 προϐατικήν
3315 4665 3712 4751 κολυμϐήθραν,
3767 4673 3867 4736 τὴν

479 4753 539 4814 in
566 4773 679 4833 quo
702 4755 873 4816 Jesus
910 4755 1196 4816 Dominus
1250 4761 1476 4828 noster,
1512 4752 1634 4814 ovis
1688 4753 1788 4814 illa
1825 4772 1930 4832 pro
1963 4753 2101 4815 nobi

2249 4763 2308 4817 οὗ
2350 4759 2712 4836 βαπτίσματος
2773 4760 2954 4838 χάριν,
3030 4759 3082 4816 ἐν
3215 4760 3279 4815 τὸ
3334 4759 3462 4837 ὑπὲρ
3506 4760 3660 4833 ἡμῶν
3719 4759 3867 4814 τυθέν

480 4827 800 4916 immolata,
840 4843 996 4904 lotus
1027 4852 1114 4903 cst
1147 4851 1204 4902 et
1235 4827 1557 4922 baptizatus
1596 4861 1704 4921 pro
1733 4827 1928 4904 nobis.
1949 4842 2098 4915 Quin

2243 4827 2481 4928 πρόϐατον
2546 4850 2755 4916 Ἰησοῦς
2777 4827 2863 4905 "6'
2907 4848 3124 4928 Κύριος,
3201 4847 3397 4914 ὲπλύθη
3436 4827 3448 4837 1
3473 4849 3868 4924 βαπτισέμενος

481 4950 594 5010 que
643 4941 836 4991 autem
898 4932 1156 5010 porticus
1215 4931 1389 4991 habet
1445 4933 1554 4991 ista
1589 4931 1835 5011 piscina.
1870 4932 2106 5003 Quatuo‘

2247 4939 2343 5017 πὲρ
2381 4937 2552 5011 ἡμῶν.
2617 4939 2776 4993 Πέντε
2837 4936 2888 4993 δὲ
2936 4939 3094 5003 στοὰς
3124 4936 3242 5017 ἔχει
3273 4936 3404 5003 αὕτη
3433 4935 3468 5003 ἡ
3497 4935 3868 5016 κολυμϐήθρα,

483 5021 638 5080 enim
673 5025 1003 5100 virtutes,el
1034 5041 1148 5080 una
1173 5021 1654 5100 contemplativa,
1691 5022 1749 5080 in
1784 5021 2108 5101 baptismatc

2244 5031 2276 5084 ιί
2320 5029 2419 5105 γὰρ
2476 5027 2726 5105 τέσσαρες
2781 5027 2984 5105 ἀρεταὶ,
3045 5029 3132 5083 καὶ
3186 5028 3245 5082 τὸ
3291 5028 3614 5105 θεωρητικὸν
3641 5029 3727 5082 καὶ
3769 5025 3869 5082 δο-

480 5109 973 5190 apparenthitur
1025 5111 1282 5171 humana
1309 5121 1537 5180 natura,
1573 5110 1748 5172 veluti
1785 5112 2100 5191 paralyticu

2247 5118 2465 5185 ατικὸν,
2526 5121 2599 5188 τῷ
2657 5115 2980 5191 βαπτίσματι
3040 5117 3496 5196 συνεμφαίνονται,
3561 5105 3624 5170 ’Β
3696 5117 3872 5171 τοίνυν

484 5201 748 5279 quidam,
778 5202 945 5277 cujus
970 5218 1177 5258 omnes
1199 5200 1488 5260 animales
1513 5201 1756 5259 virtutes
1782 5201 1988 5260 morbo
2011 5219 2109 5260 cor

2246 5205 2513 5281 ινθρωπίνη
2559 5204 2738 5281 φύσις,
2785 5205 2878 5260 οἷά
2933 5227 3013 5268 τις
3043 5204 3364 5284 παραλία-τος,
3400 5204 3570 5267 πάσας
3616 5205 3710 5267 τὰς
3755 5210 3871 5279 duo

481 5297 665 5369 reptaa
715 5300 873 5367 sunt,
925 5289 1088 5367 jacet
1139 5288 1374 5365 triginta
1424 5298 1553 5348 octo
1598 5288 1772 5349 annis
1804 5299 2106 5365 aegrotans

2247 5294 2379 5372 Lua;
2438 5290 2680 5368 δυνάμεις
2724 5297 3044 5373 παραθετσα,
3106 5294 3382 5351 κατέκειτο
3450 5294 3723 5371 τριάκοντα
3777 5302 3872 5353 καὶ

485 5377 688 5458 Neque
721 5379 878 5439 enim
913 5386 1074 5438 recte
1125 5394 1188 5437 se
1223 5376 1474 5438 habebat
1520 5377 1578 5436 in
1627 5376 1742 5436 ﬁde
1799 5375 2106 5440 Trinitutis

2244 5383 2359 5438 κτὼ
2401 5379 2495 5448 ’ἐτη
2553 5388 2801 5443 νοσοῦσα.
2862 5381 2992 5439 Οῧτε
3041 5384 3140 5462 γὰρ
3180 5381 3236 5436 ἰν
3279 5388 3347 5458 τῇ
3403 5382 3477 5442 εἰς
3532 5380 3726 5460 Τριάῶ
3768 5387 3869 5440 πί-

487 5484 680 5546 neque
710 5476 976 5528 octavum
1009 5469 1312 5538 saeculum,
1347 5465 1850 5528 resurrectionem
1884 5468 2042 5547 dico,
2077 5489 2107 5529 e

2252 5492 2326 5526 τει
2372 5473 2531 5548 ὑγιῶς
2563 5474 2742 5549 εἶχεν,
2779 5472 2896 5528 οὒτε
2929 5469 3114 5550 ὀγῶον
3165 5473 3349 5550 οἶῶνα,
3394 5470 3676 5526 ἀνάστασιν
3722 5471 3877 5553 λέγω

564 5623 623 5673 ³⁸
652 5628 676 5687 Ι
707 5629 839 5688 Cor.
880 5644 942 5700 ιι,
979 5623 1076 5686 39.
1163 5625 1220 5675 π
1249 5624 1300 5687 ll
1321 5627 1462 5705 Reg.
1504 5629 1598 5688 15.
