4116 6318
490 382 633 467 1271
1468 377 2064 457 THEOPHYLACTI
2104 377 2521 447 BULGARLE
2562 380 2918 449 ARCHIEP.
3755 378 3921 447 1-272

483 518 585 603 qui
607 536 727 580 non
758 517 1053 579 honorant
1072 515 1321 591 Filium?
1343 515 1561 589 Subdit
1590 515 1777 597 enim,
1814 540 1841 573 κ
1874 514 1987 597 Qui
2018 531 2108 575 nol

2331 512 2407 587 μὴ
2467 513 2725 586 τιμῶντες
2784 511 2875 566 τὸν
2933 512 3100 585 Υἱόν;
3163 509 3385 589 Ἐπάγει
3430 511 3584 603 γάρ;
3646 534 3677 565 α
3719 502 3783 569 Ὀ
3836 514 3921 585 μὲ,

480 594 734 669 honorat
782 605 1025 678 Filium,
1056 625 1173 667 non
1226 605 1480 667 honorat
1508 594 1777 669 Patrem."
1805 631 1832 663 ι
1862 594 1970 677 Qui
2017 622 2105 664 no:

2295 606 2389 656 ιῶν
2449 602 2539 657 τὸν
2588 601 2728 675 Nov,
2793 599 2853 656 οὗ
2908 604 3040 675 τιμᾷ
3086 601 3177 656 τὸν
3221 599 3453 678 Πατέρα.
3495 624 3523 655 ι
3565 594 3633 659 Ὀ
3684 602 3774 675 μὴ
3823 624 3920 656 τι·

483 695 763 769 honorat,
799 695 1010 776 inquit,
1040 695 1121 767 ita
1152 692 1219 755 ut
1245 695 1390 771 dixi,
1423 695 1575 759 sicut
1616 703 1674 756 et
1703 693 1962 758 Patrem.
1992 691 2108 766 Qui.

2297 699 2361 765 iv,
2407 692 2587 771 φησὶν,
2632 689 2825 769 οὕτως,
2878 690 2951 753 ὡς
3008 692 3188 770 εἶπον,
3246 691 3419 753 καθὼς
3478 691 3571 746 καὶ
3636 692 3739 747 τὸν
3791 698 3922 747 Πα-

482 785 531 848 si
585 785 715 879 quis
772 784 931 879 dicat
976 784 1135 875 quod
1190 792 1461 879 creatura
1510 783 1753 865 quidem
1814 782 1998 843 Filius
2038 783 2107 842 sit

2293 802 2343 835 »α
2372 796 2385 810 ‘
2415 780 2526 837 ἐπεὶ
2559 777 2613 835 εἴ
2642 802 2724 845 τις
2775 777 2944 854 λέγει,
2977 777 3058 835 ὅτι
3118 778 3313 853 κτίσμα
3343 778 3440 855 μὲν
3473 782 3502 835 ὃ
3537 781 3697 853 Υἱὸς,
3736 782 3918 857 ὕπερ-

482 866 1229 935 θιεὲιιθηιὶεεὶῐηιιάυιθηι
1284 872 1551 934 omnium
1610 882 2043 944 creaturarum,
2080 890 2107 933 e

2293 890 2366 924 ων
2425 867 2480 923 δὲ
2537 869 2747 925 πάντων
2818 874 2923 923 τῶν
2969 868 3302 947 κτισμάτων,
3346 870 3435 925 καὶ
3481 866 3677 935 δοκοίη
3737 870 3916 949 χαρί-

482 962 767 1044 opinetur
796 961 975 1022 tribui
1004 960 1151 1022 Filio
1182 960 1393 1022 falsum
1430 962 1591 1023 illum
1620 969 1679 1022 et
1706 980 1917 1022 vanum
1956 962 2107 1022 hono

2284 960 2395 1013 σθαι
2451 964 2529 1035 τῷ
2591 960 2696 1031 Υἷῴ
2754 954 2919 1032 ψευδῆ
2975 957 3174 1023 ταύτην
3246 958 3333 1014 καὶ
3404 958 3643 1033 ματαίαν
3705 960 3909 1032 τιμὴν,

482 1069 636 1132 rem,
671 1050 993 1111 inhonora!
1041 1050 1284 1111 omnino
1340 1058 1399 1111 et
1449 1052 1685 1113 Patrem
1731 1050 1833 1131 qui
1865 1050 2025 1112 misit
2056 1050 2107 1111 il-

2289 1046 2460 1121 ιμάζει
2543 1046 2755 1109 πάντως
2841 1046 2927 1101 καὶ
3007 1047 3099 1101 τὸν
3180 1045 3386 1125 Πατέρα
3441 1046 3531 1101 τὸν
3596 1045 3914 1121 πέμψαντα

481 1136 798 1201 lum.Dixit
827 1147 1022 1199 autem
1054 1160 1076 1194 ιι
1104 1157 1237 1198 eum
1270 1140 1369 1217 qui
1407 1139 1591 1219 misit,
1628 1164 1651 1197 ι
1691 1157 1767 1199 ne
1818 1136 2103 1219 ex'aspera

2287 1135 2398 1197 τόν,
2447 1136 2517 1193 Τὸ
2576 1133 2655 1215 δὲ,
2724 1154 2747 1189 α
2808 1133 3120 1217 πέμψαντα,
3159 1158 3187 1189 ι
3236 1138 3413 1207 εἶπεν,
3460 1134 3556 1191 ’ίνα
3603 1135 3689 1208 μὴ
3736 1135 3912 1200 ἐκθη-

481 1236 715 1302 rentur,
748 1226 901 1287 sicut
927 1225 1484 1307 praediximusNam
1520 1228 1846 1289 doctrinam
1880 1228 1972 1307 (ut
2002 1227 2106 1289 dict

2282 1228 2471 1297 ωθῶσι,
2561 1224 2693 1279 καθὰ
2776 1224 3120 1302 προείπομεν.
3188 1223 3297 1290 Τὴν
3353 1223 3454 1301 γὰρ
3510 1222 3907 1295 διδασκαλίαν,

479 1323 603 1378 tum
636 1317 748 1401 est)
792 1314 1145 1376 mirabiliter
1203 1314 1516 1395 implectit.
1553 1316 1856 1378 Interdum
1895 1316 2104 1397 quider

2283 1337 2295 1377 ;
2348 1315 2585 1394 εἴρηται,
2642 1311 2824 1369 πλέκει
2883 1315 3212 1394 Θαυμασίως,
3270 1314 3400 1370 ποτὲ
3450 1314 3551 1389 μὲν
3582 1315 3652 1370 τὰ
3712 1316 3908 1391 ὑψηλὰ

480 1404 760 1466 sublimia
790 1405 865 1467 de
895 1422 957 1464 se
990 1403 1349 1483 testimonia,
1379 1413 1441 1465 ut
1494 1404 1736 1484 dignum
1793 1414 1937 1475 erat,
1973 1405 2085 1467 fert

2281 1410 2395 1478 ιυτῷ
2453 1403 2889 1481 προσμαρτυρῶν,
2950 1404 3023 1465 ὡς
3094 1404 3163 1471 ἦν
3220 1401 3387 1483 ἄξιον,
3460 1403 3596 1460 ποτὲ
3672 1403 3769 1477 δὲ,
3824 1404 3906 1462 διὲ

480 1493 779 1555 interdum
810 1494 1007 1554 autem
1035 1492 1303 1568 humilia,
1335 1502 1578 1573 prapter
1606 1491 1896 1555 insaniam
1930 1492 2097 1554 inimi

2280 1492 2322 1559 'jv
2384 1492 2572 1568 μανίαν
2638 1497 2744 1547 τῶν
2801 1489 3006 1570 ἐχθρῶν
3065 1489 3352 1570 Ἰουδαίων,
3411 1492 3477 1547 τὰ
3517 1493 3793 1557 ταπεινά,
3853 1496 3905 1551 Εἰ

479 1599 683 1643 corum
733 1580 1096 1645 Iudaeorum.
1154 1578 1299 1641 Nam
1338 1580 1386 1641 si
1437 1600 1571 1641 cum
1607 1590 1665 1643 et
1694 1582 2052 1643 surrexisset
2103 1628 2104 1634 η

2281 1602 2320 1659 ιρ
2377 1582 2466 1637 καὶ
2524 1580 2847 1645 ἀναστάντος
2927 1579 2988 1637 ἐκ
3039 1586 3259 1659 νεκρῶν,
3323 1582 3410 1637 καὶ
3467 1579 3785 1646 ἀναϐάντος
3830 1585 3906 1643 εἰς

479 1670 751 1747 mortuis,
776 1675 836 1734 et
867 1667 1239 1730 ascendisset
1270 1670 1328 1730 in
1361 1671 1566 1744 caelos,
1601 1680 1657 1733 et
1691 1690 1797 1752 per
1828 1675 2103 1752 apostolo

2276 1670 2493 1747 ιρανοὺς,
2553 1670 2641 1725 καὶ
2671 1666 2755 1724 διὰ
2796 1674 2903 1725 τῶν
2955 1666 3271 1727 ἀποστόλων
3315 1667 3576 1735 δείξαντος
3634 1670 3754 1737 τὴν
3817 1676 3901 1727 οἱ·

477 1778 645 1823 suam
681 1766 1070 1821 monstrasset
1110 1758 1413 1840 virtutem,
1444 1759 1903 1822 insurrexerunt
1950 1760 2097 1823 Ariu

2283 1759 2360 1814 ίαν
2419 1757 2658 1838 δύναμιν,
2720 1757 3086 1825 ἐπανέστησαν
3159 1756 3390 1837 "Apum:
3463 1760 3552 1814 καὶ
3621 1759 3900 1835 Εὐνόμιος

476 1857 536 1910 et
564 1848 893 1910 Eunomius
924 1857 1129 1908 contra
1151 1846 1395 1935 gloriam
1430 1849 1580 1929 ejus,
1614 1856 1673 1910 et
1703 1849 1762 1910 in
1795 1858 2101 1911 creaturan

2277 1887 2281 1914 ι
2324 1845 2448 1924 δόξῃ
2504 1847 2687 1928 αὐτοῦ,
2717 1848 2804 1903 καὶ
2848 1848 2922 1910 εἷς
2963 1847 3157 1922 κτίσμα
3219 1847 3374 1903 αὐτὸν
3432 1849 3765 1926 κατήγαγον
3807 1870 3820 1879 ’
3857 1853 3902 1905 οἷ

474 1938 668 2019 ipsum
693 1936 1291 2000 deduxeruntﬂudaei
1321 1939 1418 2017 qui
1454 1944 1592 2000 tunc
1627 1945 1816 2011 erant,
1843 1939 1943 2019 qui
1969 1940 2097 2002 vide

2276 1959 2332 1992 τε
2392 1934 2642 1993 Ἰουδαῖοι
2704 1934 2989 2013 βλέποντες
3066 1937 3223 1993 αὐτὸν
3295 1935 3347 1992 ἐν
3428 1938 3582 2013 σαρκὶ
3641 1960 3900 2014 περιπα-

475 2024 617 2088 bant
666 2027 857 2107 ipsum
890 2026 951 2086 in
986 2042 1164 2085 carne
1194 2025 1502 2089 ambulare
1540 2045 1674 2088 cum
1708 2026 2039 2107 publicanis
2074 2047 2100 2092 e

2272 2033 2403 2083 ιὺντα
2435 2026 2569 2101 μετὰ
2600 2032 2705 2082 τῶν
2736 2024 2981 2083 τελωνῶν
3011 2027 3099 2083 καὶ
3156 2031 3387 2105 πορνῶν,
3440 2026 3527 2081 καὶ
3572 2026 3897 2105 τρώγοντα,

475 2113 915 2189 meretricibus,
966 2113 1108 2173 575
1159 2121 1219 2175 et
1269 2116 1590 2177 comedere
1648 2123 1707 2176 et
1746 2114 1953 2181 bibere
1982 2118 2100 2178 sicu

2273 2116 2303 2170 ιὶ
2355 2116 2595 2189 πίνοντα,
2661 2117 2734 2177 ὡς
2795 2114 2887 2170 ἕνα
2944 2120 3049 2170 τῶν
3092 2112 3331 2187 πολλῶν,
3363 2114 3413 2169 τί
3454 2115 3548 2169 οὒκ
3579 2112 3642 2169 ἂν
3694 2115 3898 2181 ἐποέη-

471 2221 655 2264 unum
692 2222 760 2265 ex
792 2203 1013 2277 multis;
1037 2203 1178 2284 quid
1202 2222 1318 2264 non
1343 2203 1623 2266 fecissent
1644 2207 1691 2264 si
1715 2207 1915 2267 omnia
1938 2205 2093 2267 subli

2273 2226 2337 2276 ιν,
2385 2205 2427 2259 εἶ
2480 2204 2651 2260 πάντα
2708 2201 2892 2279 ὑψηλὰ
2947 2204 3066 2281 περὶ
3139 2203 3326 2259 ἑαυτοῦ
3412 2200 3591 2282 ἔλεγε,
3651 2205 3760 2260 καὶ
3819 2205 3898 2277 μὴ

473 2293 591 2354 mia
613 2292 687 2354 de
718 2296 782 2353 s'e
813 2292 1084 2371 dixisset,
1122 2301 1179 2352 et
1207 2310 1324 2354 non
1356 2292 1773 2355 admiscuisset
1802 2294 1981 2357 etiam
2012 2296 2093 2358 hu

2268 2293 2630 2370 ιγκατεμίγνυε
2688 2294 2777 2349 καὶ
2835 2292 2901 2348 τὰ
2974 2291 3249 2367 ταπεινά;
3326 2291 3419 2347 Διὸ
3482 2292 3571 2346 καὶ
3635 2291 3846 2371 ἐπάγει
3880 2309 3893 2323 ·

473 2379 665 2444 milia?
687 2379 915 2442 Idcirco
948 2388 1005 2441 et
1027 2379 1225 2441 subdit
1257 2402 1270 2442 :
1302 2405 1327 2437 σ
1363 2380 1474 2452 Qui
1498 2382 1665 2442 audit
1697 2401 1863 2445 meos
1894 2402 2089 2445 sermo

2282 2375 2338 2440 Ὀ
2406 2382 2611 2439 ἀκούων
2685 2404 2785 2457 μου
2844 2382 2965 2446 τοὺς
3035 2379 3252 2457 λόγους,
3330 2380 3418 2436 καὶ
3477 2381 3757 2437 πιστεύων
3818 2388 3894 2455 τῷ

472 2487 601 2545 nes,
636 2478 692 2530 et
724 2469 914 2530 credit
946 2469 1001 2530 ei
1028 2468 1127 2549 qui
1172 2488 1265 2530 me
1298 2470 1477 2551 misit,
1510 2469 1687 2533 habet
1740 2472 1916 2533 vitam
1950 2481 2096 2535 aster

2265 2472 2483 2547 Ξμψαντί
2543 2492 2633 2552 με,
2692 2470 2809 2551 ἕχει
2866 2471 3008 2541 ζωὴν
3060 2470 3293 2531 αἰώνιον,
3336 2491 3360 2522 ι
3417 2469 3521 2532 Τὰς
3568 2466 3890 2547 ὃὲγνιῖνμις

471 2574 631 2620 nam.
675 2582 697 2615 υ
737 2556 807 2617 Et
837 2569 1070 2618 mentes
1102 2574 1307 2619 eorum
1334 2558 1512 2620 etiam
1542 2578 1646 2639 per
1677 2560 1788 2622 hoc
1811 2562 2096 2625 exhilarat

2260 2565 2384 2619 Βτῶν
2467 2563 2556 2617 καὶ
2635 2559 2718 2617 διὰ
2802 2560 3005 2616 τούτων
3087 2557 3318 2637 ἱλαρύνει
3379 2557 3723 2639 ἀκουόντων,
3807 2559 3885 2615 ὅτι

471 2662 605 2709 cum
641 2646 888 2707 audiunt
936 2646 1091 2726 quod
1127 2647 1435 2711 audientes
1481 2666 1793 2709 sermones
1824 2651 1975 2732 ejus,
2003 2652 2096 2715 Del

2259 2656 2327 2724 εῷ
2372 2648 2626 2725 μέλλουσι
2684 2648 2949 2706 πιστεύειν
3004 2647 3286 2711 ἀκούοντες
3342 2646 3461 2708 τοὺς
3516 2644 3721 2724 λόγους
3787 2652 3883 2705 αὖ·

472 2725 1051 2799 sintcredituri.Non
1074 2735 1234 2796 enim
1268 2736 1556 2821 dixit,Qui
1589 2739 1779 2800 credit
1813 2725 2093 2805 m'ihiised

2254 2745 2323 2799 >6.
2373 2741 2445 2797 Οὐ
2525 2740 2625 2817 γὰρ
2710 2739 2889 2813 εἶπεν,
2945 2736 3029 2821 bu
3091 2725 3148 2795 Ὀ
3216 2736 3478 2792 πιστεύων
3535 2735 3683 2810 ἐμοὶ.
3716 2737 3879 2812 ἀλλὰ,

474 2846 505 2879 ι
533 2823 599 2885 Ei
633 2822 735 2903 qni
766 2842 859 2885 me
882 2824 1063 2888 misit.
1104 2849 1128 2877 ιο
1164 2821 1344 2905 Igitur
1372 2815 1475 2908 qui
1505 2828 1696 2890 credit
1733 2829 1840 2905 illi,
1865 2830 1927 2892 in
1950 2831 2099 2911 judi-

2275 2835 2362 2901 Τῷ
2421 2829 2698 2904 πέμψαντί
2741 2849 2830 2903 με.
2886 2851 2909 2886 ι
2952 2815 3008 2885 Ὀ
3039 2827 3209 2883 τοίνυν
3258 2825 3519 2881 πιστεύων
3553 2824 3779 2904 ἐκείνῳ,
3813 2830 3880 2890 εἰς

469 2913 650 2993 cium,
688 2913 801 2974 hoc
834 2922 943 2987 est,
982 2914 1042 2975 in
1068 2914 1423 2995 supplicium
1480 2936 1599 2978 non
1632 2918 1813 2993 venit,
1851 2921 1953 2980 sed
1987 2922 2093 2981 vivi

2252 2919 2396 2990 >ίσιν,
2450 2918 2571 2985 ἤτοι
2603 2920 2674 2980 εἷς
2707 2916 2953 2990 κόλασιν,
3015 2920 3110 2974 οὐκ
3152 2914 3395 2995 ἔρχεται,
3432 2911 3571 2969 ἀλλὰ
3599 2920 3670 2990 ζῇ
3703 2915 3877 2972 ἀίδιον

464 3000 640 3063 vitam
697 3010 1003 3076 aeternam,
1059 3021 1176 3063 non
1220 3002 1461 3065 subiens
1511 3016 1760 3067 mortem
1806 3010 2022 3071 animae
2051 3030 2083 3070 a

2251 3008 2372 3079 υην,
2429 3008 2652 3063 θάνατον
2706 3008 2798 3061 τὸν
2875 3006 3110 3086 ψυχικὸν
3186 3004 3276 3061 καὶ
3346 3002 3556 3058 αἰώνιον
3617 3004 3705 3077 μὴ

464 3098 775 3172 ωῐθτηθηι,
817 3092 1047 3153 etiamsi
1099 3092 1424 3154 naturalem
1472 3102 1530 3155 et
1581 3097 1967 3177 temporalem
1999 3118 2089 3159 n01

2241 3097 2506 3172 πτάμενος,
2593 3097 2636 3151 εί
2718 3096 2807 3152 καὶ
2897 3083 2990 3150 τὸν
3063 3095 3285 3172 φυσικὴν
3362 3092 3452 3147 τὸν
3531 3091 3866 3172 πρόσκαιρον

466 3178 723 3255 effugiat.

2199 3187 2459 3251 ὑποσταίη
2471 3234 2483 3248 ,

544 3262 727 3357 visas.
764 3267 983 3333 25-29.
1023 3269 1286 3346 «Amen,
1323 3289 1498 3334 amen
1550 3272 1684 3334 dico
1738 3274 1924 3355 vobis,
1958 3276 2114 3357 quod

2290 3295 2313 3331 α
2350 3273 2549 3351 Ἀμὴν,
2610 3274 2755 3349 ἀμὴν
2813 3272 2956 3351 λέγω
3009 3274 3162 3351 ὑμῖν,
3222 3270 3303 3329 ὅτι
3346 3271 3563 3352 ἔρχεται
3603 3270 3753 3349 ὥρα,
3787 3277 3867 3329 καὶ

472 3355 632 3417 venit
661 3356 828 3435 hora,
862 3367 918 3418 et
949 3377 1107 3420 nunc
1155 3368 1268 3440 est,
1317 3362 1553 3443 quando
1613 3362 1829 3424 mortui
1875 3355 2090 3427 audien

2243 3371 2291 3421 ἓν
2348 3364 2515 3442 ἐστιν,
2577 3361 2664 3419 ὅτε
2722 3366 2769 3419 οἱ
2814 3362 2986 3440 νεκροὶ
3042 3361 3354 3418 ἀκούσονται
3386 3367 3484 3428 τῆς
3531 3366 3723 3443 φωνῆς
3779 3368 3868 3416 τοῦ

466 3462 671 3506 vocem
706 3444 838 3508 Filii
872 3447 1021 3509 Dei:
1059 3454 1115 3508 et
1158 3449 1259 3527 qui
1322 3439 1641 3522 audierint,
1693 3451 1906 3516 vivent.
1954 3454 2089 3515 Sicu

2239 3456 2323 3509 ’ἱοῦ
2378 3459 2469 3509 τοῦ
2501 3439 2677 3529 θεοῦ,
2718 3452 2805 3508 καὶ
2861 3453 2906 3507 οἱ
2957 3450 3278 3511 ἀκούσαντες
3325 3450 3599 3521 ζήσονται.
3636 3439 3864 3526 ’Ὠσπερ

468 3533 625 3620 enim
660 3532 833 3595 Pater
865 3534 1045 3597 habet
1080 3537 1257 3598 vitam
1282 3539 1342 3599 in
1364 3539 1711 3620 semetipso,
1746 3541 1832 3603 sic
1864 3541 2029 3603 dedit
2061 3562 2091 3604 e

2242 3544 2298 3620 ἂρ
2356 3545 2383 3599 ὁ
2428 3542 2610 3614 Πατὴρ
2665 3541 2810 3611 ζωὴν
2869 3538 2988 3620 ἔχει
3040 3537 3095 3593 ἐν
3146 3540 3336 3618 ἑαυτῷ,
3368 3537 3530 3602 οὕτως
3563 3536 3733 3594 ἔδωκε
3778 3540 3867 3595 καὶ

461 3619 613 3711 Ij‘ilio
666 3621 725 3711 in
750 3623 1096 3711 semetipso
1150 3625 1375 3689 habere
1406 3619 1636 3689 vitam:
1672 3636 1729 3690 et
1762 3639 2086 3711 potestaten

2243 3619 2280 3705 ᾗ
2338 3633 2443 3705 Υἱῷ
2485 3631 2628 3701 ζωὴν
2685 3628 2833 3709 ἔχειν
2890 3628 2943 3685 ἐν
3004 3628 3197 3700 ἐαυτῷ,
3251 3628 3340 3684 καὶ
3386 3624 3616 3693 ἐξουσίαν
3665 3625 3868 3683 ἔδωκεν

462 3708 633 3771 dedit
658 3708 713 3770 ei
737 3710 1044 3789 judicandi
1077 3714 1479 3795 quoque,quia
1509 3715 1692 3778 Filius
1723 3708 1985 3779 hominis
2003 3728 2087 3781 est

2241 3720 2342 3794 ὒτῷ
2398 3721 2486 3776 καὶ
2537 3719 2704 3798 κρίσιν
2745 3708 2926 3775 ποιεῖν
2962 3736 2979 3753 ’
3012 3714 3094 3772 ὅτι
3146 3717 3265 3779 Υἱὸς
3297 3715 3571 3790 ἀνθρώπου
3600 3714 3740 3779 ἐστί,
3774 3718 3866 3781 Μὴ

460 3799 657 3891 Nolite
688 3801 893 3862 mirari
926 3804 1063 3875 hoc;
1097 3805 1235 3885 quia
1264 3810 1425 3869 venit
1468 3810 1615 3870 hora
1665 3809 1725 3870 in
1758 3829 1876 3891 qua
1906 3830 2083 3873 omne

2237 3810 2485 3883 αυμάζετε
2514 3816 2692 3881 τοῦτο,
2726 3806 2808 3864 ὅτι
2864 3806 3080 3887 ἔρχεται
3124 3806 3257 3885 ὥρα,
3320 3804 3374 3860 ἐν
3417 3806 3453 3872 ἦ
3484 3806 3683 3870 πάντες
3713 3808 3761 3863 οἱ
3808 3808 3862 3861 iv

463 3888 648 3979 qui
685 3892 1087 3979 monumentis
1117 3905 1282 3968 sunt,
1326 3896 1570 3958 audient
1616 3888 1819 3960 vocem
1862 3900 2031 3979 ejus;
2062 3921 2088 3962 e

2238 3911 2317 3961 οῖς
2362 3898 2645 3973 μνημείοις
2677 3896 2990 3954 ἀκούσονται
3040 3899 3140 3963 τῆς
3190 3900 3372 3975 φωνῆς
3401 3897 3583 3975 αὐτοῦ,
3625 3896 3722 3951 καὶ
3764 3896 3863 3951 ἐκ·

457 3975 785 4067 prodibunt
815 3978 915 4060 qui
951 3979 1109 4042 bona
1148 3982 1444 4067 fecerunt,
1495 3986 1555 4047 in
1610 3975 2082 4051 resurrectionem

2235 3988 2566 4064 πορεύσονται,
2612 3990 2661 4043 οἱ
2708 3988 2773 4044 τὰ
2830 3986 3001 4065 ἀγαθὰ
3043 3986 3393 4059 ποιήσαντες,
3437 3986 3511 4048 εἷς
3562 3984 3860 4041 ἀνάστασιν

456 4063 611 4156 vitm;
644 4064 743 4145 qui
791 4085 932 4156 vero
980 4068 1132 4131 male
1174 4063 1447 4150 egerunt,
1496 4073 1554 4135 in
1604 4077 2081 4138 resurrectionem

2231 4063 2365 4156 ωῆς,
2398 4080 2443 4132 οἱ
2486 4074 2539 4130 δὲ
2570 4076 2634 4130 τὰ
2686 4063 3217 4156 φαῦλα-πράξαντες,
3272 4076 3345 4137 εὶς
3390 4072 3676 4130 ἀνάστασιν
3734 4076 3856 4153 κρί-

455 4154 997 4247 condemnationis.
1040 4184 1067 4214 ιι
1104 4160 1345 4223 Dixerat
1373 4167 1650 4243 superius
1680 4164 1837 4245 quod
1862 4166 1962 4247 qui
1997 4186 2080 4227 no

2232 4187 2355 4232 εως,
2395 4189 2422 4220 iv
2461 4166 2637 4222 Εἰπὼν
2667 4162 2938 4243 ἀνωτέρω,
2970 4161 3049 4219 ὅτι
3110 4183 3133 4219 α
3172 4150 3228 4220 Ὀ
3261 4162 3338 4237 μὴ
3368 4169 3538 4237 τιμῶν
3580 4163 3673 4217 τὸν
3707 4166 3856 4235 Υξὸν,

454 4243 709 4305 honorat
764 4243 1002 4324 Filium,
1040 4268 1159 4311 non
1219 4252 1469 4314 honorat
1521 4243 1782 4329 Patrem,
1834 4243 2075 4316 sublimi

2235 4255 2256 4309 Β
2300 4262 2429 4330 τιμᾷ
2479 4256 2568 4309 τὸν
2620 4252 2850 4331 Πατέρα,
2884 4254 2972 4308 καὶ
3002 4249 3184 4327 ὑψηλά
3215 4273 3333 4307 τινα
3365 4253 3481 4330 περὶ
3511 4253 3671 4310 αὒτοῦ
3698 4256 3860 4331 φθεγ-

451 4331 823 4425 quaadam‘de
856 4353 921 4397 se
959 4337 1188 4400 locutus
1213 4358 1227 4403 :
1256 4359 1387 4420 qum
1432 4349 1495 4402 ut
1544 4361 1619 4404 ne
1670 4343 1979 4405 videantur
2010 4364 2076 4425 pe

2232 4346 2443 4423 άμενος,
2497 4343 2588 4398 ἵνα
2641 4342 2717 4417 μὴ
2777 4338 2899 4418 δόξῃ
2950 4340 3159 4417 κόμπος
3205 4340 3347 4396 εἶναι
3379 4339 3412 4395 ἃ
3441 4339 3607 4417 λέγει,
3635 4342 3726 4397 καὶ
3754 4343 3857 4397 τύ-

450 4422 847 4513 arrogantiam
879 4432 937 4485 et
968 4425 1204 4490 inanem
1240 4410 1486 4508 gloriam
1536 4430 1717 4513 dicta,
1751 4410 2024 4512 adjungit
2057 4453 2075 4495 ε

2230 4455 2292 4492 loc
2325 4410 2585 4505 διάκενος,
2644 4429 2873 4509 παρέχει
2916 4430 3004 4485 καὶ
3045 4430 3142 4496 τὴν
3187 4426 3271 4484 διὰ
3326 4430 3433 4485 τῶν
3477 4429 3645 4507 ἔργων
3708 4431 3855 4487 ἀπό-

450 4506 1021 4600 demonstrationem
1055 4534 1162 4596 per
1195 4506 1403 4600 opera,
1437 4518 1645 4582 dicens
1677 4506 1713 4580 ι’
1739 4506 1906 4593 Quod
1941 4506 2075 4584 veni

2229 4522 2350 4589 ειξιν
2381 4520 2577 4600 λέγων,
2614 4518 2693 4575 ὅτι
2785 4506 3072 4598 ῨήΕρχεται
3100 4517 3232 4596 ὥρα·
3270 4540 3298 4572 ι
3335 4519 3481 4589 εἶτα,
3507 4506 3608 4573 γ’ίνα
3639 4519 3719 4593 μὴ
3745 4543 3854 4594 μα’

452 4596 657 4691 bora.»
686 4597 916 4691 Deinde
946 4611 1007 4664 ut
1041 4623 1114 4665 ne
1147 4596 1398 4685 longum?
1428 4608 1813 4688 suspicentur
1850 4618 2077 4690 tempus

2225 4614 2321 4691 ,ρὸν
2350 4610 2768 4683 ὑποπτεύσωμεν
2799 4608 2890 4663 τὸν
2920 4628 3138 4687 χρονον,
3172 4607 3323 4686 φησί·
3367 4629 3389 4663 ι
3431 4607 3528 4664 Καὶ
3559 4616 3647 4665 νῦν
3679 4607 3850 4685 ἔστιν,

448 4686 737 4777 inquitis
765 4688 835 4749 Et
864 4709 1022 4753 nunc
1051 4702 1163 4773 est,
1203 4695 1441 4775 quando
1472 4686 1690 4758 mortui
1722 4686 2072 4760 audient'vo

2227 4686 2283 4757 τε
2315 4704 2360 4757 οἱ
2392 4700 2564 4777 νεκροὶ
2594 4697 2904 4753 ἀκούσονται
2956 4695 3054 4762 τῆς
3104 4699 3286 4775 φωνῆς
3320 4703 3410 4752 τοῦ
3442 4696 3585 4774 Υἱοὺ,
3620 4717 3649 4749 ιι
3684 4718 3852 4752 τουτ-

450 4793 581 4837 cem
612 4776 933 4867 FiliiDei,»
974 4780 1085 4843 hoc
1117 4793 1228 4858 est,
1264 4803 1484 4862 meam,
1513 4787 1611 4867 qui
1644 4786 1949 4849 vobiscum
1970 4806 2075 4849 con

2229 4813 2324 4862 ττι,
2362 4797 2450 4845 νῦν
2484 4776 2614 4863 ἐμοῦ
2665 4785 2779 4863 μεθ’
2838 4786 2984 4861 ὑμῶν
3035 4780 3410 4863 διατρίϐοντος.
3443 4789 3617 4840 Ταῦτα
3663 4781 3716 4839 δὲ
3748 4784 3854 4840 λέ-

448 4864 1065 4957 versor.Dicitiautem
1115 4870 1242 4934 bmc
1290 4873 1365 4934 de
1415 4873 1488 4935 iis
1532 4864 1684 4957 quos
1713 4877 2072 4938 suscitaturu

2235 4900 2270 4935 ει
2317 4880 2433 4957 περὶ
2464 4878 2539 4934 ὧν
2569 4874 2792 4952 ἔμελλεν
2834 4873 3130 4939 ἀναστησαι
3187 4878 3411 4950 νεκρῶν,
3460 4875 3575 4928 οἷον
3603 4880 3698 4929 τοῦ
3738 4878 3860 4934 υἱοῦ

446 4961 598 5048 erat;
634 4956 799 5048 utde
825 4956 948 5019 ﬁlio
966 4958 1178 5034 viduae,
1213 4961 1331 5023 filia
1360 4956 1808 5046 archis’ynagogi
1834 4974 1891 5027 et
1923 4970 2068 5027 Laza

2237 4968 2283 5036 ἧς
2338 4956 2541 5048 χήρας,
2606 4968 2705 5031 τῆς
2762 4962 3015 5048 θυγατρὸς
3096 4970 3189 5020 τοῦ
3242 4960 3715 5041 ἀρχισυναγώγου,
3766 4968 3862 5020 καὶ

441 5043 769 5133 r_o.Deinde
790 5053 865 5133 et
903 5048 1192 5111 rationem
1224 5053 1395 5114 all'ert
1418 5043 1706 5115 dictorum
1731 5043 2066 5117 demonstra

2229 5059 2280 5115 οὗ
2341 5043 2601 5133 λαζάρου.
2651 5051 2791 5109 Εἶτα
2846 5051 2933 5133 καί
2962 5047 3220 5128 λογισμὸν
3264 5049 3448 5127 ἐπάγει
3478 5056 3584 5105 τῶν
3617 5052 3854 5129 εἰρημέ-

443 5131 645 5209 tivam;
682 5131 827 5195 dicit
872 5135 1033 5198 enim
1065 5159 1079 5199 :
1121 5160 1149 5199 «
1183 5140 1346 5203 Sicut
1395 5140 1568 5205 Pater
1618 5143 1793 5206 vitam
1828 5143 2008 5205 habet
2039 5146 2068 5206 in

2235 5169 2292 5202 ον
2323 5128 2710 5202 ἀποδεικτικόν.
2785 5160 2809 5195 ι
2884 5128 3102 5219 ¹Ὠσπερ
3162 5139 3287 5218 γὰρ,
3350 5139 3533 5217 φησὶν,
3595 5142 3622 5195 ὁ
3669 5128 3860 5221 Πατὴέ

440 5220 787 5313 semetipso,
840 5223 920 5286 ita
963 5226 1127 5289 dedit
1157 5236 1215 5291 et
1256 5229 1404 5292 Filio
1445 5232 1617 5294 vitam
1654 5233 1875 5295 habere
1906 5234 1964 5295 iu
1999 5253 2063 5294 se

2230 5236 2327 5303 υὴν
2386 5234 2502 5313 ἔχει
2558 5231 2612 5287 ἐν
2642 5230 2837 5303 ἑαυτῷ,
2869 5225 3035 5292 οὕτως
3080 5226 3245 5285 ἔδωκε
3289 5228 3377 5283 καὶ
3435 5234 3511 5301 τῷ
3564 5231 3672 5304 Υἱῷ
3698 5220 3855 5301 ζωὴν

438 5309 716 5406 metipso,
756 5336 782 5367 ι
819 5320 883 5375 ut
914 5314 1167 5380 viviﬁcet
1194 5319 1502 5383 audientes
1534 5341 1735 5384 vocem
1771 5323 1922 5402 ejus.
1958 5326 2063 5387 N01

2227 5346 2327 5406 (ειν
2370 5309 2640 5395 ἐννὲαυτῷ
2676 5338 2688 5351 ·
2727 5341 2755 5373 ι
2792 5315 2884 5373 ἵνα
2926 5323 3169 5395 ζωογονῇ
3198 5318 3319 5378 τοὺς
3350 5316 3636 5381 ἀκούοντας
3682 5320 3852 5379 αὗτοῦ

436 5397 628 5492 solum
647 5409 855 5492 autem
890 5412 1240 5484 potestatem
1274 5409 1437 5471 dedit
1459 5411 1513 5472 ei
1531 5397 1999 5487 viviﬁcandi,sed
2035 5432 2061 5473 e

2225 5397 2274 5483 ξς
2307 5414 2510 5492 φωνῆς.
2544 5410 2615 5469 Οὔ
2669 5408 2830 5483 μόνον
2873 5403 2927 5461 δὲ
2983 5405 3216 5471 ἐξουσίαν
3270 5403 3492 5461 δέδωκεν
3523 5408 3669 5471 αὒτῷ
3695 5415 3850 5479 ζωο-

433 5484 1005 5584 {ieiendijudicium
1033 5504 1091 5558 et
1121 5498 1607 5582 puniendi.S.npe
1638 5509 1838 5563 autem
1871 5484 1935 5561 in
1968 5520 2058 5561 me

2220 5484 2379 5582 πνεῖν,
2436 5499 2575 5558 ἀλλὰ
2628 5498 2719 5559 καὶ
2779 5495 2946 5572 κρίσιν
3005 5508 3212 5576 ποιεῖν,
3269 5494 3406 5551 ὥστε
3450 5494 3696 5567 κολάζειν
3750 5504 3845 5556 sui

434 5573 599 5673 dium
634 5579 819 5673 atilert
868 5573 1179 5648 sermones
1234 5586 1310 5648 de
1350 5573 1603 5668 judicio,
1670 5600 1737 5654 ut
1785 5590 2059 5653 auditore

2225 5573 2548 5673 μωρέτσθαι.
2610 5589 2863 5673 Συνεχῶς
2908 5581 2961 5639 δί
3018 5585 3139 5651 τοὺς
3196 5573 3313 5663 περὶ
3372 5585 3595 5665 κρίσεως
3645 5586 3846 5667 λόγους

434 5662 670 5733 excitet.
703 5666 810 5728 Cui
844 5673 999 5731 enim
1035 5662 1383 5752 persuasum
1410 5662 1677 5761 estquod
1710 5679 2055 5743 suscitandu

2222 5662 2243 5749 ξ
2295 5662 2354 5738 τὸ
2413 5680 2578 5757 μέσον
2622 5662 2786 5755 ἄγει,
2824 5672 2916 5729 ’ίνα
2976 5675 3095 5741 τοὺς
3153 5662 3420 5757 ἀκροατὰς
3471 5662 3847 5755 ἐπαγάγηται.
