4116 6318
284 342 461 409 1273

1028 344 1472 407 ENARRATIO
1519 346 1600 408 IN
1650 343 2160 406 EVANGELIUM
2205 346 2550 408 JOANNIS.
2579 379 2667 419 ,—
2715 346 2878 406 CAP.
2909 346 2981 406 V.

3494 300 3690 400 “1274

304 487 355 555 ς)
432 476 534 556 γὰρ
581 479 837 557 πεισθεὶς,
893 476 977 534 ὅτι
1031 478 1119 533 καὶ
1147 477 1527 557 ἀναστήσεται,
1554 477 1643 534 καὶ
1673 478 1815 551 αὐτῷ
1842 474 1930 533 δώ·

2036 474 2113 537 sit
2140 484 2490 557 recepturus
2507 477 2856 540 delictorum
2875 494 3105 558 pcenas,
3131 476 3374 539 omnino
3405 473 3589 537 currit
3615 470 3691 532 ad

280 589 379 624 σει
439 567 536 632 τὰς
609 567 823 630 εὐθύνας
896 572 1006 622 τῶν
1079 565 1653 643 πεπλημμελημένων,
1686 564 1954 646 προσδρα-

282 669 485 730 μεῖται
543 656 755 720 πάντως
833 655 998 730 αύτῷ,
1081 654 1435 731 ἐξιλεούμενος
1473 656 1650 730 οὗτὸν,
1714 659 1786 722 ὡς
1820 654 1953 732 μέλ-

280 744 463 803 λοντα
532 746 691 802 αὐτοῦ
718 746 908 825 κριτὴν
950 744 1184 808 ἔσεσθαι.
1248 746 1335 814 Μὴ
1391 748 1682 823 θαυμάζετε
1724 743 1802 820 δὲ,
1874 744 1953 801 ὅτι

284 836 419 900 Υἱὸς
479 835 749 914 ἀνθρώπου
820 835 982 897 ἐστίν.
1043 835 1101 891 Εἰ
1157 835 1256 915 γὰρ
1327 837 1414 891 καὶ
1491 837 1610 899 Υἱὸς
1679 835 1953 915 ἀνθρώπου

283 924 464 996 ἔστὶν,
514 921 650 981 ἀλλὰ
705 925 795 980 καὶ
852 924 982 989 Θεός
1040 921 1208 980 ἔστιν*
1241 922 1379 981 ὥστε
1449 924 1549 989 τὴν
1580 923 1748 1004 κρίσιν
1806 925 1950 981 εἰκό-

282 1034 401 1076 τως
469 1012 614 1091 ἔχει,
684 1013 760 1077 ὡς
816 1013 938 1076 Υἱὸς
972 1014 1123 1070 Geo-3.
1161 1012 1217 1069 Εἰ
1260 1009 1431 1068 δὲκαὶ
1486 1009 1757 1092 ἅνθρωπος
1779 1015 1955 1093 φαίνε-

283 1124 408 1181 ται,
445 1100 523 1177 μή
568 1104 885 1177 θαυμάζετε.
917 1102 1033 1178 Χρή
1107 1098 1161 1155 δὲ
1216 1102 1518 1179 γινώσκειν,
1563 1101 1643 1159 ὅτι
1688 1102 1952 1166 Παῦλοςό

285 1189 664 1271 Σαμοσατεὺς,
724 1189 883 1265 ψιλὸν
954 1189 1227 1270 ἄνθρωπον
1280 1187 1611 1269 δογματίζων
1694 1194 1786 1249 τὸν
1842 1193 1950 1251 Κύ-

284 1301 430 1359 ριον,
489 1277 656 1342 οὕτως
706 1278 1021 1358 ἀνεγίνωσκε
1109 1288 1262 1339 τοῦτο
1332 1280 1394 1335 τὸ
1479 1282 1699 1360 χωρίον’
1764 1304 1791 1335 α
1855 1283 1951 1339 Καὶ

284 1366 529 1433 ἐξουσίαν
587 1364 779 1423 ἔδωκεν
836 1368 1001 1443 αὐτῷ,
1062 1368 1151 1424 καὶ
1199 1368 1369 1446 κρίσιν
1434 1382 1637 1449 ποιεῖν,
1691 1369 1775 1449 ὅτι
1830 1371 1949 1435 Υἱὸς

284 1456 572 1535 ἀνθρώπου
602 1454 763 1511 ἐστίν’
846 1478 871 1512 ι
936 1455 1156 1513 ἰνταῦθα
1229 1453 1284 1511 δὲ
1346 1445 1559 1531 στίζων,
1623 1445 1726 1514 ἄπ’
1780 1456 1948 1524 ἂλλης

286 1544 475 1629 ἆρχῆς
506 1544 823 1623 ἀνεγίνωσκε
853 1547 938 1620 τὸ,
971 1567 992 1601 ι
1030 1546 1119 1613 Μὴ
1149 1545 1439 1620 θαυμάζετε
1470 1553 1647 1608 τοῦτο’
1676 1566 1704 1606 )
1747 1545 1948 1614 ’Λνόψ

284 1656 382 1690 τον
415 1630 469 1689 δὲ
499 1632 715 1697 τελείως
747 1633 855 1689 ἐστὶ
885 1636 947 1691 τὸ
1001 1633 1168 1697 οὕτως
1225 1632 1626 1712 ἀναγινώσκειν.
1680 1636 1790 1703 Τὴν
1848 1636 1947 1715 γὰρ

2038 565 2232 645 ipsum
2286 567 2595 649 placatque
2650 575 2705 627 et
2755 586 2927 629 suum
2974 567 3231 628 futurum
3275 564 3541 646 judicem
3596 565 3690 626 Ne

2037 655 2416 717 admiremini
2444 665 2640 719 autem
2673 655 2830 736 quod
2862 656 3047 718 Filius
3097 654 3356 717 hominis
3385 663 3516 727 est;
3551 668 3685 712 nam

2038 745 2304 825 quamvis
2330 744 2515 808 Filius
2549 746 2832 827 hominis,
2867 752 2958 807 est
2988 753 3185 806 tamen
3219 751 3277 805 et
3299 743 3475 805 Deus.
3508 740 3581 803 Et
3612 741 3688 801 ita

2031 832 2325 912 judicium
2353 836 2565 896 merito
2597 833 2776 896 habet
2826 836 2976 896 sicut
3007 833 3193 897 Filius
3224 832 3355 895 Dei.
3391 830 3452 894 Si
3483 836 3679 892 autem

2036 931 2096 984 et
2111 922 2289 983 homo
2320 933 2705 1003 appareat,ne
2729 921 3461 986 admiremini.Sciendum
3482 930 3681 980 autem

2036 1013 2192 1092 quod
2216 1010 2431 1073 Paulus
2454 1012 2874 1075 Samosatenus
2898 1012 3119 1074 docens
3134 1010 3450 1073 Dominum
3472 1024 3680 1089 purum

2039 1117 2171 1163 esse
2200 1100 2621 1173 hominem,sic
2653 1101 2795 1179 legit
2818 1103 2977 1164 hunc
3007 1103 3202 1165 locum
3241 1122 3254 1162 :
3330 1099 3400 1160 Et
3426 1105 3684 1179 potesta-

2038 1198 2156 1250 tem
2182 1189 2344 1251 dedit
2366 1191 2727 1270 eijudicium
2751 1190 3180 1271 faciendi,quia
3208 1188 3392 1251 Filius
3422 1185 3681 1248 hominis

2034 1286 2139 1340 est.
2174 1302 2197 1336 ι»
2233 1277 2357 1340 Hoc
2414 1288 2606 1340 autem
2653 1280 2782 1342 loco
2836 1289 3116 1361 punctum
3170 1278 3415 1356 faciens,
3448 1275 3521 1337 ab
3563 1274 3676 1337 alio

2034 1367 2331 1447 principio
2360 1368 2656 1445 legit.«Ne
2679 1368 3054 1432 admiremini
3086 1366 3450 1431 hoc.nValde
3480 1373 3674 1427 autem

2033 1456 2272 1517 stultum
2308 1466 2394 1518 est
2423 1456 2509 1519 sic
2540 1458 2761 1536 legere.
2796 1458 2923 1519 Non
2950 1459 3107 1519 enim
3134 1457 3299 1519 dedit
3329 1459 3502 1518 Pater
3532 1453 3679 1516 Filio

2021 1544 2319 1623 judicium
2349 1546 2508 1626 quod
2542 1547 2723 1608 Filius
2764 1547 3024 1608 hominis
3054 1548 3153 1621 sit,
3186 1545 3289 1608 sed
3326 1546 3459 1626 quia
3493 1545 3672 1606 Deus.

2028 1633 2341 1698 576Unde
2371 1635 2471 1697 ille
2495 1654 2610 1696 non
2638 1636 2864 1717 patiens
2882 1636 3224 1700 utChristus
3248 1636 3479 1695 dicatur
3494 1631 3673 1704 Deus,

286 1724 467 1813 κρίσιν
518 1720 707 1779 δέδωκε
738 1727 816 1798 τῷ
887 1725 992 1798 1Ἴῴ
1021 1724 1049 1780 ὀ
1080 1722 1287 1800 Πατὴρ,
1323 1725 1425 1804 οὐχ
1455 1722 1536 1780 ὅτι
1569 1726 1687 1788 Υἱὸς
1738 1725 1930 1801 ἀνθρώ-

2030 1725 2132 1786 sed
2194 1724 2375 1787 Filius
2425 1726 2705 1805 hominis,
2742 1726 2793 1787 si
2845 1727 3137 1805 cogitabat
3186 1723 3449 1813 judicem
3504 1721 3672 1813 illum

286 1834 393 1869 που
452 1811 614 1886 ἐστὶν,
667 1810 784 1869 ἀλλ’
832 1810 913 1868 ὅτι
946 1813 1101 1877 Θεός,
1135 1812 1375 1877 Ἐκεῖνος
1420 1812 1518 1887 μὲν
1549 1815 1636 1870 οὗν
1681 1818 1758 1889 μὴ
1788 1811 1945 1895 δεχό-

287 1923 452 1977 μενος
525 1902 695 1958 εἰπετν
758 1901 849 1957 τὸν
881 1903 1104 1981 Χριστὸν
1133 1903 1284 1979 Θεὸν,
1332 1900 1454 1958 ἀλλ’
1485 1903 1604 1959 Υὶὸν
1642 1903 1937 1983 ἀνθρώπου,

286 1990 456 2055 οὕτως
514 1989 656 2047 ἐνόει
707 1990 893 2070 κριτὴν
938 1991 1094 2047 αὐτὸν
1134 1991 1304 2064 εἶναι,
1351 1994 1455 2072 οὐχ
1497 1993 1570 2057 ὡς
1617 1994 1770 2073 Θεὸν,
1819 1991 1940 2050 ἀλλ’

286 2082 362 2145 ὡς
422 2080 542 2136 Υἱὸν
571 2080 864 2160 ἀνθρώπου·
913 2082 1077 2157 ἡμεῖς
1110 2079 1165 2137 δὲ
1197 2079 1333 2137 οὕτω
1383 2082 1625 2155 νοοῦμεν,
1672 2083 1746 2145 ὡς
1778 2078 1940 2159 εἴρη-

285 2191 398 2231 ται.
449 2169 625 2227 Εἰπὼν
690 2166 745 2224 δὲ
800 2170 918 2248 περὶ
988 2169 1086 2237 τῆς
1147 2169 1367 2247 μερικῆς
1453 2167 1814 2240 ἀναστάσεως,
1846 2178 1939 2226 τοῦ

287 2259 549 2335 Λαζάρου,
618 2259 757 2337 φημὶ
838 2259 925 2314 καὶ
981 2265 1088 2315 τῶν
1146 2257 1345 2333 ἄλλων,
1408 2257 1462 2314 οῗ
1520 2256 1684 2315 πάλαι
1732 2257 1937 2327 δηλαδὴ

286 2346 495 2421 ἔθανον,
561 2356 646 2406 νῦν
704 2346 847 2425 λέγει
902 2350 1145 2428 περὶτῆς
1203 2346 1450 2404 καθόλου⁶
1505 2368 1535 2407 (
1563 2347 1685 2407 "Ott
1718 2351 1936 2429 ἔρχεται

287 2435 424 2515 ὥρα,
478 2435 533 2491 ἐν
600 2438 637 2512 ᾗ
667 2439 712 2493 οἱ
743 2436 800 2491 ἐν
842 2450 959 2502 τοῖς
1018 2438 1295 2514 μνημείοις
1328 2438 1640 2496 ἀκούσονται
1692 2438 1787 2505 τῆς
1817 2462 1925 2517 φω-

289 2535 384 2598 νῆς
440 2533 532 2584 τοῦ
586 2533 737 2584 Θεοῦ·
802 2550 825 2581 ι
885 2529 1002 2606 περὶ
1059 2533 1157 2595 τῆς
1214 2527 1503 2595 καθολικῆς
1560 2528 1659 2607 γὰρ
1698 2527 1935 2585 ἀναστά-

290 2635 427 2679 σεως
484 2616 703 2672 ἐνταῦθά
754 2639 933 2693 φησιν.
987 2614 1204 2684 Ἐπειδὴ
1241 2615 1295 2673 δὲ
1339 2630 1491 2674 εἴπεν
1538 2617 1808 2698 ἀνωτέρω,
1860 2617 1940 2674 ὅτι

298 2726 326 2759 ι
366 2703 427 2763 Ὀ
485 2706 768 2779 πιστεύων,
830 2707 904 2771 εἷς
951 2706 1114 2786 οιρίσιν
1138 2708 1234 2764 οὐκ
1261 2706 1500 2787 ἔρχεται,
1544 2729 1567 2762 ιι
1615 2707 1707 2762 ἵνα
1740 2708 1817 2783 μὴ
1842 2730 1937 2763 νο-

294 2794 559 2870 μίσωμεν,
612 2793 692 2850 ὅτι
735 2796 769 2863 ἡ
816 2798 989 2862 πίστις
1023 2797 1162 2871 μόνη
1195 2798 1268 2859 εἰς
1299 2800 1565 2874 σωτηρίαν
1608 2796 1785 2875 ἀρκεῖ,
1822 2820 1934 2876 φη-

286 2883 393 2962 σὶν,
466 2881 547 2939 ὅτι
585 2907 608 2937 ιι
642 2880 1085 2958 Ἀναστήσονται,
1113 2886 1159 2940 oi
1191 2885 1255 2941 τὰ
1295 2883 1468 2964 φαυλα
1501 2883 1786 2964 πράξαντες
1859 2888 1931 2949 είς

284 2970 568 3029 ἀνάστασιν
638 2974 884 3048 κρίσεως,
947 2975 994 3030 οἱ
1073 2974 1139 3029 τὰ
1233 2973 1426 3052 ἀγαθὰ,
1510 2975 1581 3039 εἰς
1648 2973 1932 3030 ἀνάστασιν

282 3066 445 3131 ζωῆς.
480 3087 501 3116 υ
542 3064 648 3120 Οὔκ
678 3058 776 3141 ἄρα
804 3064 839 3130 ἡ
884 3064 1060 3127 πίστις
1092 3064 1232 3137 μόνη
1265 3066 1433 3143 χωρὶς
1478 3063 1647 3142 ἔργων
1706 3061 1927 3134 δικαιοῖ,

2028 1831 2183 1890 esse,
2218 1833 2335 1876 non
2368 1825 2427 1875 ut
2464 1818 2673 1889 Deum,
2713 1816 2818 1877 sed
2868 1825 2931 1876 ut
2972 1816 3185 1878 Filium
3240 1812 3520 1875 hominis.
3555 1809 3673 1871 Nos

2026 1912 2226 1965 autem
2258 1906 2343 1965 sic
2373 1903 2779 1983 intelligimus,
2815 1912 2879 1965 ut
2932 1904 3153 1966 dictum
3186 1911 3294 1965 est.
3349 1903 3667 1980 Postquam

2026 2001 2223 2052 autem
2269 1992 2419 2054 dixit
2457 1993 2532 2053 de
2576 1994 2911 2073 particulari
2959 1991 3427 2071 resurrectione,
3472 1989 3672 2053 Lazari

2026 2082 2301 2143 videlicet
2330 2091 2384 2142 et
2404 2082 2652 2143 aliorum
2705 2083 2804 2164 qui
2835 2085 3047 2145 iterum
3075 2081 3291 2143 mortui
3312 2086 3452 2141 sunt
3475 2097 3488 2142 ε
3513 2097 3672 2140 nunc

2024 2169 2173 2231 dicit
2199 2170 2270 2232 de
2302 2171 2657 2233 universali:
2701 2197 2720 2225 σ
2755 2172 2902 2244 Quia
2959 2171 3117 2233 venit
3167 2173 3313 2232 hora
3367 2169 3427 2229 in
3468 2186 3581 2248 qua
3611 2167 3672 2227 hi

2022 2259 2122 2340 qui
2153 2260 2215 2321 in
2248 2262 2649 2322 monumentis
2674 2261 3080 2334 sunt,audient
3101 2278 3307 2321 vocem
3344 2255 3668 2321 DeiJNam

2021 2348 2099 2409 de
2130 2349 2451 2411 universali
2484 2350 2922 2411 resurrectione
2945 2350 3041 2411 hic
3063 2348 3341 2430 loquitur.
3378 2344 3665 2418 Quoniam

2022 2437 2255 2499 dixerat
2305 2440 2600 2519 superius,
2622 2440 2661 2496 θα
2694 2439 2801 2512 Qui
2850 2439 3060 2506 credit.
3108 2439 3165 2500 in
3221 2436 3508 2514 judicium
3552 2452 3667 2494 non

2021 2527 2202 2603 venit,
2234 2550 2258 2580 ιι
2290 2546 2365 2589 ne
2400 2537 2672 2607 putemus
2729 2528 2889 2609 quod
2941 2530 3083 2591 ﬁdes
3126 2526 3249 2589 sola
3298 2525 3370 2587 ad
3417 2524 3666 2585 salutem

2025 2616 2305 2691 sufﬁciat,
2340 2617 2656 2699 dicitquod
2690 2644 2712 2674 «
2739 2618 3071 2698 Resurgent
3104 2617 3164 2680 hi
3198 2616 3291 2697 qui
3320 2614 3470 2676 mala
3499 2614 3663 2675 fece-

2022 2709 2251 2781 runt,in
2277 2708 2777 2769 resurrectionem
2804 2704 3445 2784 condemnationis;qui
3467 2710 3660 2764 autem

2022 2794 2196 2863 bona,
2243 2796 2302 2855 in
2353 2797 2848 2858 resurrectionem
2899 2800 3051 2869 vitae,
3090 2818 3117 2854 ι
3157 2794 3285 2856 Non
3332 2794 3510 2871 igitur
3538 2790 3663 2850 sola

2019 2884 2166 2945 ﬁdes
2196 2883 2421 2964 absque
2444 2885 2725 2965 cperihus
2751 2885 3060 2965 justiﬁcat,
3090 2884 3194 2946 sed
3219 2888 3453 2965 oportet
3485 2878 3661 2941 etiam

2017 2992 2197 3053 opera
2227 2974 2463 3048 adesse,
2488 2982 2626 3035 tunc
2650 2974 2807 3035 enim
2834 2974 3072 3053 proprie
3101 2973 3247 3033 fides
3279 2969 3546 3035 est.Vide
3560 2984 3662 3030 au-

2019 3070 2135 3123 tem
2168 3063 2461 3141 geminam
2497 3062 2825 3123 doctrinam
2868 3062 2994 3123 ﬁeri
3029 3080 3135 3142 per
3176 3069 3396 3121 metum
3423 3070 3481 3119 et
3509 3057 3661 3119 laeti-

282 3148 417 3205 ἀλλὰ
472 3152 559 3206 καὶ
617 3151 682 3206 τὰ
724 3149 865 3233 βργα
895 3166 1171 3230 προσεῖναι
1206 3152 1311 3210 δεῖ·
1345 3142 1466 3211 τότε
1493 3154 1593 3233 γὰρ
1623 3154 1711 3209 καὶ
1742 3154 1930 3232 κυρίως

2019 3152 2179 3213 tiam.
2222 3148 2367 3212 Nam
2394 3170 2526 3212 cum
2563 3151 2705 3213 dicit
2734 3142 3116 3213 condemnari
3150 3148 3330 3228 impia
3351 3147 3659 3223 facientes,

284 3240 451 3307 πίστις
509 3238 669 3297 ἐστίν.
723 3230 866 3320 ’Ὅρα
896 3238 951 3297 δὲ
1013 3239 1208 3309 διπλῆν
1265 3243 1363 3310 τὴν
1392 3230 1732 3301 διδασκαλίαν
1778 3230 1929 3321 γινο-

2017 3242 2297 3303 deterret.
2325 3240 2471 3301 Cum
2502 3249 2699 3303 autem
2728 3241 2867 3302 dicit
2902 3258 3215 3319 resurgere
3245 3237 3317 3301 ad
3344 3237 3518 3299 vitam
3557 3252 3660 3297 eos

284 3327 472 3405 μένην,
534 3326 617 3385 διὰ
664 3327 829 3411 φόϐου
911 3332 1000 3387 καὶ
1056 3331 1395 3411 ἱλαρότητος.
1427 3333 1498 3390 Τὸ
1529 3332 1625 3406 μὲν
1652 3332 1751 3410 γὰρ
1772 3354 1934 3389 κατα-

2014 3331 2113 3413 qui
2140 3331 2293 3392 bona
2324 3330 2613 3404 fecerunt,
2650 3349 2755 3409 per
2781 3331 3042 3392 laetitiam
3066 3330 3433 3390 exhortatur.

286 3421 525 3496 κριθῆναι
552 3419 674 3484 τοὺς
708 3421 773 3475 τὰ
815 3419 989 3500 φαῦλα
1022 3420 1341 3500 πράξαντας,
1398 3419 1616 3502 ἐκφοϐεῖ
1649 3437 1663 3450 '
1710 3423 1770 3478 τὸ
1803 3419 1857 3478 δὲ
1888 3424 1961 3485 εἷς
2018 3422 2161 3493 ζωὸν
2192 3421 2483 3490 ἀναστῆναι
2516 3422 2635 3484 τοὺς
2665 3423 2729 3476 τὰ
2760 3421 2927 3499 ἀγαθὰ
2960 3416 3277 3498 πράξαντας,
3312 3416 3380 3473 δι’
3408 3416 3658 3495 ἱλαρότη.

288 3527 376 3572 τος
405 3507 780 3587 προτρέπεται.

364 3617 387 3653 ι
423 3600 496 3656 Οὖ
552 3596 771 3675 δύναμαι
802 3599 911 3678 ἐγὼ
940 3612 1117 3656 ποιεῖν
1145 3597 1239 3657 ἀπ’
1272 3599 1499 3675 ἐμαυτοῦ
1532 3599 1699 3660 οὖδέν·
1751 3603 1922 3665 καθὼς

278 3685 471 3761 ἀκούω,
526 3687 708 3766 κρίνω,
767 3690 857 3746 καὶ
925 3692 959 3759 ἡ
1003 3691 1171 3769 κρίσις
1203 3692 1237 3759 ἡ
1270 3690 1375 3765 ἐμὴ
1402 3689 1575 3747 δικαία
1645 3691 1806 3748 ἐστίν·
1842 3689 1921 3748 ὅτι

278 3775 335 3831 ού
386 3782 532 3847 ζητῶ
587 3778 647 3832 τὸ
703 3777 911 3854 θέλημα
975 3781 1036 3835 τὸ
1108 3779 1262 3855 ἐμὸν,
1308 3777 1445 3836 ἀλλά
1500 3780 1560 3835 τὸ
1589 3779 1796 3855 θέλημα
1830 3788 1921 3837 τοῦ

277 3864 578 3939 πέμψαντός
636 3887 705 3942 με
760 3867 986 3948 Πατρός,
1045 3890 1069 3925 ι
1113 3870 1255 3926 Καθὰ
1298 3868 1384 3924 καὶ
1416 3869 1470 3925 ἐν
1500 3883 1615 3932 τοῖς
1672 3869 1921 3949 ἀνωτέρω

275 3952 537 4029 λέλεκται,
597 3956 696 4024 τὴν
760 3956 1154 4035 ἀπαραλλαξίαν
1210 3964 1303 4014 1:03
1359 3961 1479 4015 Υἱοῦ
1520 3960 1652 4039 πρὸς
1681 3961 1772 4015 τὸν
1803 3966 1921 4015 Πα-

275 4042 392 4121 τέρα
460 4042 803 4102 ἐνδείκνυνται
882 4046 1045 4104 ταῦτα
1076 4048 1142 4103 τὰ
1183 4048 1415 4124 ῥήματα,
1449 4049 1533 4110 τὸ,
1571 4071 1593 4103 ι
1633 4049 1705 4105 Οὐ
1759 4046 1920 4105 δύνα-

277 4154 367 4207 μαι
398 4132 505 4212 ἐγὼ
538 4148 710 4191 ποιεῖν
740 4132 835 4192 ἀπ’
880 4136 1109 4212 ἐμαυτοῦ
1140 4135 1309 4216 οὐδὲν,
1345 4160 1373 4192 ιο
1422 4140 1509 4194 καὶ
1549 4137 1647 4194 ὅσα
1677 4139 1919 4196 τοιουτό-

275 4244 458 4299 τροπα,
519 4221 677 4281 Οὐδὲν
733 4226 833 4304 γὰρ
891 4224 1037 4290 ξένον
1092 4227 1179 4282 καὶ
1234 4224 1510 4304 ἀλλότριον
1566 4228 1661 4283 τοῦ
1714 4229 1920 4304 Πατρὸς

272 4308 487 4387 δύναμαι
558 4312 667 4392 ἐγὼ
720 4327 920 4371 ποιεῖν’
954 4313 1071 4371 οὕτε
1117 4317 1215 4394 γὰρ
1273 4315 1482 4391 θέλημα
1537 4314 1655 4395 ἔχω
1696 4314 1916 4373 ἄλλοῖον

272 4402 407 4481 παρὰ
476 4403 537 4458 τὸ
594 4405 874 4484 πατρικὸν,
944 4402 1059 4460 οἷ’)ιε
1119 4403 1355 4481 δύναμιν,
1420 4406 1602 4465 Καθὼς
1631 4402 1686 4459 δὲ
1738 4404 1918 4461 ἀκούω

1941 4453 1982 4502 D

2089 3597 2274 3661 νεεδ.
2306 3600 2409 3661 30.
2450 3624 2475 3655 α
2512 3602 2641 3663 Νοη
2671 3618 2909 3679 possum
2944 3618 3051 3679 ego
3084 3619 3153 3662 ex
3187 3598 3411 3677 meipso
3457 3594 3657 3657 facere

2008 3688 2330 3769 quidquam
2369 3709 2382 3751 :
2417 3688 3022 3768 sicutaudio,judico,
3052 3687 3420 3769 etjudicium
3455 3702 3652 3746 meum

1999 3780 2229 3859 justum
2278 3786 2387 3854 est;
2440 3779 2575 3860 quia
2627 3798 2745 3839 non
2776 3798 2978 3859 quaero
3014 3780 3370 3840 voluntatem
3433 3793 3650 3847 meam,

2009 3868 2117 3929 sed
2140 3868 2503 3929 voluntatem
2546 3867 2697 3947 ejus,
2733 3868 2834 3948 qui
2866 3868 3023 3928 misit
3052 3887 3145 3929 me
3170 3866 3382 3930 Patris.
3425 3889 3447 3919 ιι
3486 3863 3656 3926 Sicut

2006 3965 2065 4018 et
2094 3957 2154 4018 in
2188 3956 2599 4037 superioribus
2631 3956 2852 4017 dictum
2887 3963 2998 4026 est,
3026 3956 3232 4018 eadem
3260 3953 3445 4017 Patris
3478 3954 3654 4015 etFi-

2006 4045 2068 4109 lii
2097 4053 2358 4125 potestas
2385 4045 2719 4105 ostenditur
2749 4045 2911 4106 hisce
2936 4044 3155 4118 verbis,
3196 4068 3217 4099 ι
3245 4044 3374 4106 Non
3410 4061 3648 4122 possum

2005 4152 2114 4213 ego
2137 4134 2332 4195 facere
2364 4152 2430 4194 ex
2466 4132 2692 4212 meipso
2720 4133 3046 4213 quidquam
3076 4155 3088 4192 :
3135 4159 3157 4188 ι»
3195 4144 3255 4196 et
3285 4150 3652 4213 qumcunque

2006 4224 2181 4303 hujus
2205 4222 2442 4302 generis
2474 4222 2803 4284 sunt.Nihil
2834 4223 2992 4283 enim
3025 4223 3286 4284 alienum
3313 4228 3369 4282 ει
3388 4220 3652 4301 peregri-

2004 4331 2144 4372 num
2171 4332 2204 4372 a
2226 4312 2396 4373 Patre
2427 4331 2534 4390 ego
2556 4329 2791 4389 possum
2817 4312 3241 4391 facereuieque
3270 4310 3428 4371 enim
3449 4309 3650 4369 volun-

2003 4408 2178 4462 tatem
2212 4401 2389 4462 aliam
2424 4400 2615 4461 habeo
2643 4408 2855 4479 praeter
2877 4409 3208 4480 paternam,
3245 4416 3437 4479 neque
3467 4396 3648 4459 aliam

275 4490 405 4568 παρὰ
464 4502 555 4551 τοῦ
612 4493 842 4571 Πατρὸς,
894 4492 1032 4549 οὕτω
1108 4494 1287 4572 κρίνωο
1364 4491 1678 4568 τουτέστιν,
1726 4495 1799 4558 ὡς
1853 4492 1915 4549 ἂν

2017 4487 2604 4568 ωιεειεῑεωΝει-υω
2633 4488 2785 4549 sicut
2815 4489 2987 4549 audio
3018 4508 3051 4550 a
3082 4491 3271 4562 Patre,
3294 4487 3374 4549 ita
3399 4485 3602 4566 judico
3629 4504 3643 4548 :

274 4577 419 4643 αὐτὸς
469 4581 497 4636 ὀ
580 4582 765 4662 Πατὴρ
837 4583 1024 4661 κρίνει,
1061 4581 1197 4639 οὕτω
1226 4582 1400 4661 κάγὼ.
1446 4588 1620 4641 Ταῦτα
1664 4580 1717 4638 δὲ
1768 4580 1912 4661 λέγει

276 4664 352 4723 διὰ
406 4670 465 4725 τὸ
496 4667 688 4746 δεῖξαι,
719 4675 792 4734 ὡς
852 4670 1108 4736 πολλάκις
1149 4674 1377 4751 ὲιρημεν,
1412 4673 1471 4728 τό
1503 4668 1913 4743 ἀπαράλλακτον

275 4757 355 4812 καὶ
407 4760 464 4814 tv
517 4758 711 4839 ἔργοις,
745 4762 833 4817 καὶ
863 4759 1062 4839 λόγοις,
1110 4763 1198 4817 καὶ
1227 4762 1482 4839 κρίσεσιν.
1533 4751 1659 4817 vlva:
1702 4761 1800 4838 γὰρ
1832 4762 1910 4836 μὴ

273 4866 422 4923 τινες,
513 4847 785 4920 ἄνθρωπον
870 4851 1093 4930 ὁρῶντες
1175 4850 1356 4930 αὖτὸν,
1443 4848 1908 4929 σκανδαλίζωνται,

274 4941 381 5002 πῶς
436 4937 466 4992 ὁ
535 4939 852 5018 φαινόμενος
939 4939 1208 5018 ἅνθρωπος
1264 4938 1465 4996 δικαίαν
1517 4940 1684 5019 κρίσιν
1741 4939 1910 5007 ποιή-

272 5044 421 5104 σειεν,
483 5034 577 5083 τοῦ
642 5027 808 5085 Δαυ’ἱδ
861 5029 1123 5101 εἰπόντος,
1194 5051 1219 5083 ι
1273 5034 1381 5091 Πᾶς
1442 5028 1711 5106 ἅνθρωπος
1773 5027 1909 5102 ψεύ-

271 5132 415 5180 στηςο
482 5136 505 5172 ι
571 5114 759 5193 ἔφθασε
804 5118 902 5193 μὲν
933 5118 1117 5193 εἰπὼν,
1152 5119 1232 5174 ὃτι
1287 5118 1372 5186 Μὴ
1413 5118 1727 5192 θαυμάζετε,
1777 5116 1908 5172 διότι

276 5202 382 5267 Υἱός
438 5204 712 5283 ἀνθρώπου
743 5207 870 5283 εἶμί·
906 5206 1051 5285 λέγει
1129 5204 1300 5263 δὲκαὶ
1330 5215 1441 5287 νῦν,
1495 5208 1575 5263 ὁτι
1630 5207 1816 5262 Δικαία
1870 5206 1904 5273 ἡ

274 5294 424 5369 κρίσις
486 5295 587 5368 μού
649 5294 784 5371 ἐστι,
844 5296 972 5353 med
1030 5297 1211 5376 κρίνω,
1244 5298 1317 5359 ὡς
1345 5296 1517 5352 ἀκούω
1560 5302 1652 5351 τοῦ
1697 5294 1903 5373 Πατρός

273 5401 366 5453 μου
418 5382 704 5459 κρίνοντος.
780 5385 868 5453 Μὴ
924 5385 1023 5465 γὰρ
1088 5384 1149 5441 τό
1180 5384 1307 5460 ἐμόν
1336 5383 1543 5459 θέλημα
1568 5385 1736 5457 ζητῶ,
1770 5382 1907 5439 ἀλλὰ

272 5467 328 5524 τό
370 5477 458 5527 τοῦ
514 5473 742 5553 Πατρός.
780 5464 837 5533 ι0
881 5464 978 5551 μέν
1007 5472 1174 5531 θέλων
1216 5474 1275 5530 τό
1320 5474 1504 5531 ἑαυτοῦ
1531 5472 1777 5553 βούλημα
1808 5494 1904 5529 κυ-

343 5634 431 5688 ²8⁴
462 5640 617 5707 Psal.
649 5656 784 5720 cxv,
820 5643 921 5705 ll.

2000 4580 2112 4639 hoc
2141 4587 2248 4651 est,
2278 4578 2428 4640 sicut
2475 4577 2604 4657 ipse
2652 4576 2822 4640 Pater
2845 4578 3098 4656 judicat,
3135 4579 3213 4639 ita
3256 4586 3315 4639 et
3347 4596 3476 4655 ego.
3512 4575 3647 4637 Hmc

1993 4677 2191 4729 autem
2218 4667 2367 4729 dicit
2388 4676 2453 4729 ut
2472 4667 2764 4741 ostendat,
2792 4667 2943 4729 sicut
2963 4684 3117 4745 saepe
3137 4665 3485 4747 diximus,in
3509 4665 3644 4729 nul-

1998 4759 2049 4817 lo
2083 4755 2425 4817 sibideesse
2467 4757 2688 4836 aliquid
2716 4774 2748 4816 a
2780 4757 2972 4831 Patre,
3007 4760 3130 4818 sive
3155 4756 3211 4817 in
3237 4754 3642 4827 sermonibus,

1998 4845 2120 4907 sive
2144 4846 2201 4906 in
2225 4845 2530 4925 operibus,
2556 4846 2677 4907 sive
2731 4846 2789 4905 in
2815 4845 3084 4925 judiciis.
3136 4844 3279 4907 Nam
3316 4852 3375 4904 ut
3407 4862 3482 4905 ne
3511 4844 3644 4924 qui-

1996 4935 2128 4997 dam
2163 4934 2465 4997 hominem
2506 4933 2774 4996 videntes
2831 4953 2967 4996 eum
3002 4933 3464 5005 ollenderentur,
3492 4951 3642 5012 quo-

1997 5022 2173 5084 modo
2199 5042 2331 5084 cum
2354 5032 2638 5105 appareat
2660 5025 3092 5102 homo,justum
3124 5023 3297 5083 faciat
3321 5020 3641 5101 judicium,

1994 5132 2130 5174 cum
2168 5111 2532 5179 Davidtdicat
2567 5130 2581 5175 :
2622 5136 2641 5162 ι
2673 5111 2881 5176 Omnis
2932 5113 3108 5173 homo
3166 5111 3412 5171 mendax
3434 5109 3517 5159 28·
3555 5130 3571 5188 ;
3608 5131 3636 5167 ι

1993 5202 2278 5283 praavcnit
2335 5201 2602 5283 quidem,
2652 5202 2860 5262 dicens
2896 5223 2905 5259 :
2944 5200 3028 5263 Ne
3071 5198 3447 5262 admiremini
3475 5199 3547 5259 de
3571 5216 3642 5259 eo

1990 5290 2145 5373 quod
2180 5289 2361 5350 Filius
2394 5290 2651 5351 hominis
2681 5308 2836 5363 sum;
2867 5308 2997 5350 nam
3033 5304 3091 5350 et
3124 5291 3280 5351 Deus
3311 5307 3466 5350 sum.
3492 5286 3645 5348 Dicit

1991 5381 2326 5442 auteszt
2375 5399 2533 5441 nunc
2578 5380 2805 5460 justum
2848 5378 3141 5459 judicium
3199 5396 3393 5438 meum
3427 5386 3538 5456 ost,
3570 5396 3641 5437 eo

1991 5470 2146 5552 quod
2165 5468 2370 5551 judico
2401 5469 2555 5531 sicut
2579 5469 2755 5531 audio
2776 5469 3006 5529 Patrem
3032 5484 3226 5528 meum
3241 5464 3638 5549 judicantem.
