4116 6318
186 344 397 464 terr

1025 396 1471 466 ENARRATIO
1527 404 1609 468 IN
1655 401 2169 467 EVANGELIUM
2210 399 2550 465 JOANNIS.
2600 432 2673 443 ——
2719 400 2884 462 CAP.
2932 401 3007 462 V.

3485 384 3634 458 1278

180 535 255 593 δὲ
333 536 642 614 καιόμενον
696 538 786 593 τὸν
845 535 1099 604 Ἰωάννην
1156 539 1306 618 φησὶ,
1373 538 1547 601 καθὼς
1577 539 1663 594 καὶ
1694 538 1755 595 ἐκ
1797 542 1901 614 γῆς

1992 531 2234 594 moriarr
2260 532 2483 595 reduco
2514 532 2759 597 Joannis
2792 529 3225 607 testimonium;
3252 527 3450 591 omnia
3480 526 3631 618 facio

186 629 354 706 εἶχε
394 626 501 693 τὴν
530 624 836 697 διάπλασιν,
879 627 967 682 καὶ
998 627 1092 681 οῦκ
1123 627 1332 683 οἴκοθεν
1368 627 1428 681 τὸ
1470 632 1606 705 φῶς,
1640 624 1759 715 ἀλλ’
1792 627 1897 682 ἀπο

184 720 314 782 τῆς
410 722 507 772 τοῦ
542 715 846 790 Πνεύματος
878 715 1098 794 χάριτος
1130 716 1216 772 καὶ
1248 715 1589 793 πρόσκαιρον,
1639 706 1799 791 ΙἈμα
1842 738 1896 771 τε

190 806 320 883 γὰρ
398 803 572 885 ἐφάνη
630 805 665 872 ἡ
719 810 812 860 τοῦ
887 804 1075 883 Κυρίου
1144 804 1342 883 ὴμέρα,
1388 802 1507 871 ἢτοι
1565 802 1892 875 διδασκαλία,

193 895 306 950 καὶ
398 891 675 970 ἀπεκρύόη
738 895 765 949 ὁ
835 892 1057 973 λύχνος.
1121 885 1309 969 Τμεῖς
1341 891 1417 963 δὲ,
1450 894 1582 972 πρὸς
1611 896 1751 973 ὥραν
1800 895 1897 970 μὲν

198 976 560 1047 ἂπεδέξασθε
631 983 696 1038 τὰ
770 982 1021 1059 εἰρημένα
1080 979 1204 1061 παρ’
1258 982 1434 1054 αῦτοῦ,
1484 984 1571 1038 καὶ
1630 983 1895 1061 ἠγαλλιά-

199 1074 403 1138 σῦητε
435 1070 493 1126 ἐν
576 1073 738 1145 αὖτῴ·
804 1072 927 1126 εἶτα
981 1069 1352 1147 ἐπιλαθόμενοι
1382 1071 1454 1128 ὦν
1483 1073 1601 1150 περὶ
1647 1072 1776 1145 ἐμοῦ
1806 1078 1895 1129 εἷ-

203 1180 357 1231 πεν,
427 1157 672 1234 ἐμείνατε
728 1158 814 1215 ἐπὶ
868 1164 967 1226 τῆς
1046 1158 1302 1238 προτέρας
1347 1159 1615 1223 ἀπιστίας.
1680 1163 1736 1219 Εἰ
1795 1163 1895 1241 γὰρ

209 1248 434 1319 ἐκείνῳ
492 1246 629 1314 ἅπαξ
697 1245 923 1325 βεϐαίως
955 1247 1321 1328 ἐπιστεύσατε,
1396 1248 1609 1329 ταχέως
1642 1247 1701 1305 ἄν
1758 1251 1892 1323 ὑμᾶς

214 1337 376 1415 πρὸς
412 1337 511 1404 τὴν
544 1336 680 1413 ἐμὴν
708 1337 765 1416 ἔγ
780 1336 1111 1415 ειραγώγησε
1135 1339 1328 1399 πίστιν,

323 1625 356 1657 α
409 1602 557 1682 Ἐγὼ
606 1603 659 1660 δὲ
719 1602 837 1684 ἔχω
891 1606 989 1670 τὴν
1063 1605 1347 1683 μαρτυρίαν
1391 1614 1557 1680 μειζω
1585 1615 1677 1664 τοῦ
1706 1606 1895 1665 Ἰωάν-

223 1714 352 1754 νου.
437 1693 514 1750 Τὰ
572 1693 671 1771 γὰρ
730 1692 860 1771 ἔργα
929 1691 962 1749 ἅ
1004 1691 1169 1749 ἔδωκέ
1228 1716 1318 1767 μοι
1372 1696 1400 1751 ὂ
1446 1697 1649 1776 Πατήρ,
1684 1695 1774 1751 ἵνα
1806 1717 1898 1752 τε-

227 1781 465 1837 Αειώσω
524 1781 677 1855 αῦτὰ,
753 1782 883 1840 αῦτὰ
938 1783 1002 1839 τὰ
1062 1785 1185 1861 ἓργα
1214 1782 1252 1839 ἇ¹
1278 1782 1385 1861 ἐγὼ
1428 1791 1588 1861 ποιῶ,
1647 1798 1964 1872 μαρσωρε’ςΒ

232 1871 364 1945 περὶ
426 1871 591 1945 ἒμοῦ,
645 1869 727 1927 ὅτι
798 1872 825 1926 ὀ
912 1873 1095 1950 Πατήρ
1166 1893 1232 1947 με
1324 1872 1644 1931 ἀπέσταλκε’
1728 1876 1815 1931 καὶ
1875 1877 1902 1930 ὁ

232 1958 475 2034 πέμψας
532 1981 600 2035 με
659 1959 865 2039 Πατὴρ,
912 1962 1067 2024 αὐτὸς
1153 1962 1526 2040 μεμαρτύρηκε
1583 1965 1699 2044 περὶ
1747 1964 1897 2039 ἐμοῦ*

233 2045 367 2103 οὔτε
427 2047 611 2126 φωνὴν
672 2051 828 2106 αὐτοῦ
904 2048 1173 2115 ἀκηκόατε
1258 2072 1496 2126 πωποτε,
1580 2052 1696 2109 οὕτε
1757 2052 1903 2116 εἶδος

239 2136 413 2194 αῦτοῦ
483 2136 774 2215 ἑωράκατε,
834 2139 920 2193 καὶ
993 2140 1083 2194 τὸν
1154 2137 1314 2218 λόγον
1382 2143 1539 2198 αὐτοῦ
1604 2144 1697 2199 οῦκ
1747 2142 1899 2222 ἔχετε

240 2226 481 2302 μένοντα
541 2225 595 2281 ἐν
644 2227 794 2301 ὑμῖν·
870 2225 949 2283 ὂίτι
1007 2228 1063 2283 ὃν
1116 2226 1393 2285 απέστειλε
1452 2230 1678 2306 ἐκεῖνος,
1730 2234 1902 2306 τούτῳ

242 2317 413 2388 ὑμεῖς
488 2318 546 2374 οῦ
613 2316 905 2374 πιστεύετε.
967 2340 995 2371 ι
1057 2316 1421 2397 Ἐμαρτύρησε
1515 2320 1633 2394 μὲν,
1716 2323 1896 2398 φησὶν,

249 2405 512 2472 Ἰωάννης
582 2407 697 2482 περὶ
752 2405 904 2481 ἐμοῦ,
994 2406 1246 2474 Ἰωάννης
1344 2412 1371 2465 ὁ
1466 2411 1677 2469 πάντων
1734 2409 1901 2468 δοκῶν

245 2495 385 2569 ὑμῖν
451 2493 906 2558 ἀξιοπιστότατος.
969 2491 1117 2551 Ἐπεὶ
1159 2494 1212 2551 δὲ
1243 2498 1381 2561 εἰγὸς
1431 2499 1697 2577 εὑρεθῆναί
1756 2521 1901 2562 τινας

248 2583 609 2662 συκοφάντας,
672 2581 727 2639 οἴ
784 2585 948 2663 τυχὸν
1009 2584 1203 2663 ἐροῦσι⁵
1270 2587 1367 2643 Καὶ
1397 2586 1445 2642 τί
1514 2588 1644 2666 πρός
1690 2587 1834 2663 ἡμᾶς
1884 2610 1898 2663 ;

1985 629 2042 680 et
2062 621 2285 699 recipio
2318 621 2494 684 etiam
2530 622 2768 701 indigna
2804 640 2935 682 mea
2966 619 3204 685 deitate.
3244 626 3305 679 ut
3352 636 3454 676 vos
3484 616 3628 678 salvi

1984 710 2157 772 tiatis.
2193 710 2517 772 Lucernam
2565 719 2758 774 autem
2797 710 3105 771 ardentem
3135 707 3425 769 Joannem
3459 706 3623 780 dicit,

1981 816 2050 859 eo
2082 800 2237 879 quod
2271 802 2347 860 de
2374 808 2528 861 terra
2546 800 2724 861 habet
2754 798 3261 871 formationem,et
3292 816 3407 856 non
3436 814 3541 875 per
3560 814 3627 857 se

1980 889 2172 967 ipsum
2203 905 2289 949 εει
2325 889 2548 962 lumen,
2585 889 2686 949 sed
2708 909 2739 948 a
2761 888 2944 967 gratia
2986 886 3261 967 Spiritus,
3294 904 3360 946 ac
3387 893 3620 964 tempo-

1978 976 2225 1040 rarium.
2264 982 2331 1039 At
2358 978 2456 1039 ubi
2486 978 2753 1059 apparuit
2784 977 2911 1038 dies
2943 975 3202 1053 Domini,
3234 976 3347 1036 hoc
3377 982 3484 1052 est,
3507 973 3619 1034 do-

1980 1066 2191 1143 ctrina,
2228 1068 2457 1128 occulta
2488 1076 2577 1128 est
2607 1067 2868 1129 lucerna.
2920 1063 3058 1125 578
3099 1066 3388 1128 Caeterum
3413 1082 3515 1124 vos
3547 1063 3617 1124 ad

1980 1154 2187 1216 horam
2220 1156 2458 1236 quidem
2494 1156 2801 1237 recepistis
2834 1175 2901 1217 ea
2921 1175 3052 1235 quae
3073 1154 3145 1214 ab
3169 1153 3268 1214 illo
3293 1152 3614 1229 dictasunt,

1980 1258 2030 1304 et
2070 1246 2374 1307 exsultatis
2406 1247 2463 1305 in
2498 1246 2649 1325 ipso,
2689 1255 2746 1306 et
2790 1245 3008 1306 deinde
3039 1241 3206 1305 obliti
3257 1260 3459 1303 eorum
3489 1262 3620 1322 quae

1979 1332 2053 1393 de
2103 1351 2197 1395 me
2258 1334 2422 1410 dixit,
2480 1334 2779 1396 mansistis
2822 1335 2879 1395 in
2938 1334 3120 1414 priori
3172 1331 3613 1396 incredulitate.

1979 1420 2123 1484 Nam
2158 1424 2205 1484 si
2237 1423 2323 1484 illi
2352 1424 2536 1486 semel
2572 1425 2825 1486 firmiter
2848 1421 3276 1495 credidissetis,
3313 1419 3613 1501 quampri-

1983 1530 2139 1571 mum
2177 1528 2283 1573 vos
2304 1513 2377 1573 ad
2415 1532 2603 1573 meam
2635 1511 2974 1574 adduxisset
3008 1511 3211 1573 ﬁdem.

2061 1599 2240 1664 Vens.
2271 1602 2462 1666 36-38
2520 1604 2626 1663 «At
2655 1621 2760 1679 ego
2781 1600 3185 1661 testimonium
3212 1598 3403 1661 habeo
3437 1600 3625 1678 majus

1985 1691 2320 1751 testimonio
2369 1693 2634 1754 Joannis.
2670 1692 2865 1771 Opera
2914 1690 3069 1751 enim
3130 1708 3261 1769 qum
3291 1688 3453 1750 dedit
3485 1688 3625 1750 mihi

1989 1781 2165 1841 Pater
2200 1790 2260 1841 ut
2294 1781 2599 1861 perﬁciam
2654 1799 2745 1851 ea,
2780 1780 2907 1860 ipsa
2955 1795 3136 1857 opera
3186 1796 3315 1859 quae
3368 1797 3475 1857 ego
3534 1779 3626 1840 fa-

1987 1868 2103 1949 cio,
2144 1869 2545 1930 testimonium
2602 1868 2914 1948 perhibent
2963 1868 3037 1927 de
3097 1885 3213 1939 me,
3269 1868 3423 1948 quod
3458 1869 3632 1930 Pater

1990 1976 2082 2019 me
2143 1958 2390 2021 miserit.
2442 1958 2512 2018 Et
2572 1959 2670 2038 qui
2748 1957 2908 2018 misit
2958 1974 3052 2016 me
3111 1954 3301 2030 Pater,
3356 1955 3481 2035 ipse
3539 1964 3630 2017 te-

1985 2054 2170 2107 status
2205 2060 2295 2108 est
2328 2047 2402 2108 de
2435 2066 2530 2107 me
2570 2069 2582 2109 :
2616 2064 2810 2127 neque
2843 2063 3043 2106 vocem
3077 2043 3205 2123 ejus
3237 2063 3495 2124 unquam
3524 2063 3632 2106 au-

1987 2136 2182 2211 distis,
2222 2155 2415 2216 neque
2460 2138 2720 2216 speciem
2753 2137 2882 2215 ejus
2924 2134 3175 2212 vidistis,
3213 2142 3269 2193 et
3296 2152 3636 2196 sermonem

1988 2226 2121 2305 ejus
2181 2245 2296 2286 non
2331 2225 2563 2288 habetis
2607 2225 2667 2286 in
2700 2224 2865 2285 vobis
2897 2232 3262 2295 manentem,
3294 2224 3431 2303 quia
3462 2242 3636 2302 quem

1986 2314 2147 2374 misit
2188 2314 2309 2384 ille,
2347 2314 2401 2376 ei
2449 2335 2550 2375 vos
2599 2333 2715 2375 non
2739 2313 3000 2375 creditis.
3042 2337 3064 2371 ι
3102 2313 3370 2374 Testatus
3393 2311 3626 2390 quidem

1987 2413 2074 2465 est
2096 2406 2353 2467 Joannes
2386 2406 2459 2465 de
2492 2423 2582 2465 me
2618 2404 2717 2485 qui
2752 2403 2913 2463 vobis
2944 2401 3211 2462 omnium
3235 2400 3487 2462 maxime
3513 2399 3629 2461 fide

1987 2492 2201 2572 digan
2232 2492 2978 2557 videbatur:verumtamen
3016 2492 3153 2571 quia
3181 2489 3503 2552 verisimile
3539 2499 3631 2551 est

1996 2582 2118 2642 fore
2151 2583 2433 2663 quosdam
2467 2584 2853 2663 sycophantas
2881 2580 2981 2661 qui
3014 2580 3279 2642 fortassis
3311 2578 3531 2651 dicent,
3567 2577 3635 2639 Et

253 2669 515 2738 Ἰωάννης
576 2673 852 2752 ἒχαρίζετό
905 2694 1014 2757 σοι,
1073 2676 1159 2730 καὶ
1220 2674 1306 2731 διὰ
1338 2683 1491 2733 τοῦτο
1548 2678 1611 2732 τὰ
1667 2680 1905 2757 χρηστό-

1996 2672 2137 2752 quid
2172 2673 2243 2733 ad
2279 2672 2418 2733 nos?
2449 2673 2496 2733 si
2522 2672 2784 2735 Joannes
2807 2670 3123 2749 gratificari
3152 2669 3254 2731 tibi
3290 2669 3635 2738 voluerat,et

254 2783 384 2841 τερα
440 2761 809 2841 ἐπεμαρτύρει⁶

256 2849 539 2925 Ἰωάννην,
599 2852 685 2907 καὶ
739 2851 1076 2929 ἠρωτήσατε,
1113 2852 1288 2920 ἀληΘῆ
1340 2854 1551 2918 πάντως
1620 2858 1773 2913 αὐτὸν
1817 2878 1910 2911 νο-

262 2940 522 3013 μίζοντες.

260 3030 354 3083 τοῦ
418 3027 683 3091 Ἰωάννου,
757 3030 833 3086 Τὰ
890 3029 1019 3108 ἔργα
1088 3032 1177 3086 καὶ
1234 3032 1266 3087 ἃ
1311 3028 1471 3088 ἔδωκέ
1503 3055 1593 3108 μοι
1644 3035 1671 3089 ὁ
1706 3036 1909 3112 Πατήρ,

266 3117 556 3179 τουτέστιν,
592 3116 832 3174 Ἀνὲθετό
902 3141 994 3193 μοι
1051 3120 1078 3174 ὁ
1140 3121 1320 3199 Πατὴρ

267 3206 352 3279 τὰ,
430 3216 747 3285 μαρτυροῦσι
784 3206 789 3209 ’
821 3209 939 3285 περὶ
991 3210 1142 3280 ἓμοῦ.
1192 3210 1345 3287 Λέγει
1377 3208 1429 3265 δὲ
1464 3209 1609 3289 ἔργα,
1641 3213 1706 3268 τὰ
1777 3215 1907 3269 θαύ-

266 3316 407 3369 ματα
448 3293 639 3367 δήπου,
694 3296 814 3351 οἶον
869 3296 968 3364 τὴν
1022 3305 1112 3355 τοῦ
1144 3298 1442 3378 παραλύτου
1486 3300 1794 3378 ἀνόρθωσιν,
1824 3304 1912 3359 καὶ

266 3386 331 3441 τὰ
383 3382 567 3445 λοιπά.
625 3381 773 3441 Ἐπεὶ
831 3383 885 3441 δὲ
942 3386 1219 3444 ἐνεκάλουν
1251 3391 1414 3463 αῦτῷ,
1447 3389 1527 3447 ὅτι
1570 3389 1624 3447 ἐν
1655 3390 1914 3466 Σαϐϐάτῳ

268 3480 427 3530 ταῦτα
512 3486 687 3546 ποιεῖ,
740 3473 1006 3556 λέγοντες,
1041 3476 1121 3533 ὅτι
1160 3497 1187 3535 ε
1221 3483 1327 3538 Οῦκ
1358 3477 1448 3536 ἔστ
1463 3504 1505 3536 ιν
1536 3480 1595 3537 ἐκ
1638 3488 1728 3537 τοῦ
1759 3489 1908 3551 Θεοῦ,

270 3562 349 3620 ὅτι
402 3564 461 3619 τὸ
514 3560 785 3620 Σαϐϐατω
818 3568 878 3623 οὐ
904 3579 1083 3643 τηρεῖ·
1123 3588 1148 3621 ι)
1199 3563 1452 3625 δείκνυσιν
1483 3570 1687 3650 αὐτοῖς,
1723 3568 1802 3625 ὅτι
1852 3564 1917 3627 τἁ

272 3656 344 3725 τῷ
369 3652 529 3729 Πατρὶ
571 3648 855 3728 δεδογμένα
886 3666 1058 3725 ποιεῖ,
1103 3654 1196 3711 καί
1231 3655 1312 3712 ὅτι
1345 3656 1546 3731 μᾶλλον
1577 3656 1637 3713 ἐκ
1665 3645 1755 3714 τοῦ
1787 3645 1915 3715 Θεοδ

273 3741 400 3815 ἔστι,
433 3741 603 3803 καθὼς
633 3741 699 3797 τὰ
753 3742 896 3820 παρὰ
950 3751 1042 3800 τοῦ
1086 3752 1218 3803 Θεοῦ
1282 3743 1532 3821 δεδομένα
1592 3748 1730 3819 αύτῷ
1789 3747 1911 3824 ἔργα

273 3829 432 3893 τελεῖ,
499 3852 519 3883 ο
578 3830 653 3887 Τὰ
678 3831 777 3908 γὰρ
807 3830 958 3910 ἔργα,
1004 3835 1185 3913 φησὶν,
1221 3834 1254 3890 ἂ
1286 3832 1447 3890 ἔδωκέ
1477 3857 1569 3909 μοι
1615 3836 1643 3891 ὁ
1704 3838 1903 3912 Πατήρ,

274 3920 360 3975 ’ἕνα
392 3918 658 3975 τελειώσω
687 3920 839 3980 αῦτά.
889 3941 917 3979 ι
956 3921 1109 3979 Ἐπεὶ
1154 3926 1241 3979 οῦν
1286 3924 1314 3980 ὀ
1345 3924 1526 4000 Πατὴρ
1558 3922 1748 3980 δέδωκε
1778 3932 1907 3982 ταῦ-

275 4030 357 4087 τα,
426 4013 582 4083 ὑμεῖς
613 4007 729 4065 ἐστε
762 4009 982 4066 ἀντίθεοι
1026 4013 1071 4067 οἱ
1130 4012 1514 4069 ἐναντιούμενοι
1564 4025 1682 4075 τοῖς
1731 4014 1910 4070 τοιού-

277 4120 379 4163 τοις
407 4096 601 4175 ἔργοις.
632 4122 659 4152 α
711 4100 805 4156 Καὶ
830 4100 857 4154 ὁ
888 4098 1105 4175 πέμψας
1139 4123 1206 4175 με
1242 4103 1446 4181 Πατήρ,
1505 4101 1659 4164 οῶτὸς
1698 4123 1910 4181 μεμαρ-

280 4187 457 4265 τύρηκε
516 4187 633 4264 περὶ
662 4186 815 4265 ἐμοῦ,
854 4212 880 4242 ιι
916 4195 1019 4247 Ποῦ
1062 4188 1115 4245 δὲ
1149 4192 1524 4269 μεμαρτῦρηκε
1583 4192 1700 4261 περὶ
1758 4192 1913 4248 αὑτοῦ

280 4278 304 4332 ὁ
333 4277 505 4355 Πατήρ
555 4295 571 4350 ;
602 4278 749 4341 Τινὲς
781 4277 876 4351 μὲν
906 4276 1171 4355 λέγουσιν,
1218 4282 1288 4344 ὡς
1320 4280 1405 4337 ἐπὶ
1467 4288 1558 4337 τοῦ
1602 4282 1908 4355 βαπτίσμα-

281 4388 383 4440 τος,
434 4365 557 4422 ὄταν
613 4371 785 4423 εἴπεν’
841 4391 866 4421 α
903 4370 1062 4431 Οὗτός
1104 4370 1247 4425 ἔστιν
1305 4371 1331 4425 ὁ
1364 4371 1481 4430 Υἱὸς
1536 4391 1637 4444 μου
1683 4370 1711 4426 ὁ
1769 4368 1902 4446 ἄγα-

283 4454 461 4522 πητός.
526 4475 553 4513 )
618 4467 870 4535 Κρεϊττον
926 4455 977 4512 δὲ
1039 4462 1191 4532 οἶμαι
1247 4471 1413 4531 νοεῖν,
1460 4458 1543 4515 ὅτι
1584 4455 1667 4513 διὰ
1724 4458 1900 4524 πάσης

904 2753 1117 2838 Ὑμεῖς,
1189 2767 1371 2844 φησὶν,
1449 2753 1724 2842 ἐπέμψατε
1781 2770 1905 2843 πρὸς

1998 2772 2285 2841 proptcea
2320 2761 2642 2822 blandiora
2668 2761 2934 2841 quaedam
2968 2769 3277 2822 attestatus
3326 2760 3462 2820 est?
3495 2757 3633 2834 Vos,

1994 2850 2209 2930 inquit,
2238 2850 2478 2911 misistis
2510 2851 2578 2910 ad
2610 2850 2993 2929 Joannem,et
3014 2847 3444 2927 interrogastis,
3479 2864 3637 2909 vera-

613 2938 759 3006 Πλὴν
816 2939 934 3020 ἔχω
1004 2943 1091 2998 καὶ
1173 2941 1340 3009 ἄλλην
1400 2947 1681 3022 μαρτυρίαν
1752 2946 1905 3020 μείζω

1995 2958 2123 2998 cem
2159 2957 2263 3017 per
2284 2940 2483 3000 omnia
2505 2940 2670 2999 illum
2691 2938 3560 3001 exiSIimantes.Verumtamen
3582 2946 3638 2995 et

1996 3046 2101 3105 ego
2132 3026 2288 3087 aliud
2324 3028 2725 3088 testimonium
2748 3027 2936 3088 habeo
2969 3026 3159 3104 majus
3181 3024 3637 3105 Joaune.0pera

1329 3168 1346 3200 ,
1406 3120 1497 3177 Ἵνα
1521 3121 1788 3179 τελειώσω
1821 3126 1905 3180 αὖ·

2004 3116 2161 3176 enim
2195 3135 2325 3196 quae
2355 3116 2518 3176 dedit
2547 3117 2688 3177 mihi
2733 3118 2928 3183 Pater,
2964 3116 3077 3176 hoc
3122 3121 3233 3187 est,
3277 3133 3408 3194 quae
3438 3115 3637 3174 statuit

1998 3204 2137 3265 mihi
2179 3209 2354 3267 Pater
2412 3212 2471 3265 ut
2532 3204 2856 3284 perficiam.
2921 3222 2988 3263 ea
3048 3209 3335 3263 testantur
3392 3202 3466 3263 de
3515 3222 3631 3263 me.

1994 3294 2145 3356 Dicit
2198 3303 2392 3355 autem
2447 3313 2648 3373 opera,
2686 3292 2980 3355 mirabilia
3034 3293 3133 3353 illa
3178 3291 3429 3371 scilicet,
3462 3292 3634 3372 quale
3696 3298 3703 3305 ’

1998 3384 2101 3445 fuit
2154 3383 2452 3463 paralytici
2504 3385 2820 3453 restitutio,
2874 3392 2987 3444 etc.
3025 3382 3448 3445 Verumtamen
3498 3384 3636 3462 quia

1999 3473 2326 3552 arguebant
2358 3492 2490 3533 eum
2517 3473 2671 3552 quod
2706 3472 2765 3533 in
2786 3471 3181 3532 Sabbatolwc
3205 3471 3634 3531 faceretdicen-

2000 3572 2085 3623 tes
2118 3579 2134 3622 :
2172 3584 2199 3621 α
2235 3559 2343 3624 Hic
2376 3581 2492 3623 non
2523 3570 2611 3623 est
2644 3581 2713 3624 ex
2766 3564 2906 3634 Deo,
2953 3562 3091 3641 quia
3148 3560 3470 3621 Satibatum
3519 3579 3634 3622 non

1996 3651 2326 3721 εει-νηίδα»
2361 3652 2617 3713 ostendit
2642 3652 2727 3711 eis
2751 3651 2904 3730 quod
2938 3651 3113 3712 faciat
3142 3668 3210 3710 ea
3241 3669 3371 3731 quae
3402 3670 3432 3709 a
3465 3651 3637 3711 Patre

1995 3742 2326 3821 decreta,et
2359 3741 2512 3821 quod
2550 3742 2735 3818 magis
2766 3759 2798 3800 a
2834 3742 2952 3802 Deo
2982 3740 3158 3812 sit,eo
3190 3740 3345 3820 quod
3374 3734 3659 3819 injuncta

1992 3829 2106 3891 sibi
2136 3850 2169 3891 a
2199 3832 2320 3893 Deo
2349 3849 2528 3909 opera
2564 3830 2756 3890 faciat.
2784 3830 3017 3908 «Opera
3049 3828 3236 3900 enim,
3269 3828 3484 3908 inquit,
3508 3847 3636 3908 quae

1995 3918 2160 3979 dedit
2193 3918 2331 3980 mihi
2364 3922 2531 3979 t‘atcr
2551 3927 2611 3979 ut
2642 3919 2942 3999 perficiam
2979 3938 3106 3980 ea.»
3145 3917 3291 3989 Quia
3325 3918 3502 3997 igitur
3522 3917 3634 3981 Pa-

1996 4014 2086 4068 ter
2115 4007 2278 4069 dedit
2310 4008 2451 4069 mihi
2496 4008 2615 4080 illa,
2652 4027 2750 4069 vos
2790 4010 2930 4070 estis
2987 4008 3109 4069 Deo
3149 4007 3499 4082 adversarii,
3536 4007 3639 4088 qui

1996 4095 2114 4156 illis
2144 4096 2427 4177 Operibus
2448 4097 2960 4170 adversamini;et
2989 4095 3086 4177 qui
3121 4096 3281 4157 misit
3316 4115 3408 4157 me
3442 4098 3635 4170 l’ater,

1996 4186 2124 4263 ipse
2157 4194 2403 4246 testatur
2434 4186 2506 4247 de
2540 4205 2655 4247 me.
2692 4184 2803 4247 Ubi
2835 4195 3029 4246 autem
3064 4194 3309 4247 testatus
3341 4196 3433 4246 est
3463 4186 3535 4246 de
3569 4205 3637 4246 eo

1995 4272 2191 4336 Pater?
2211 4274 2459 4347 Quidam
2482 4275 2686 4335 dicunt
2719 4275 2873 4355 quod
2902 4277 2958 4336 in
2992 4273 3364 4353 baptismate,
3401 4275 3637 4352 quando

1988 4362 2136 4423 dixit
2169 4380 2183 4425 :
2217 4391 2238 4415 α
2274 4362 2382 4424 Hic
2414 4374 2503 4426 est
2536 4364 2718 4426 Filius
2753 4383 2919 4424 meus
2952 4363 3202 4424 dilectus
3225 4364 3297 4423 3‘.
3340 4388 3361 4422 ιι
3413 4362 3637 4444 Opinor

1985 4460 2180 4513 autem
2214 4454 2368 4534 quod
2404 4453 2585 4532 magis
2617 4452 3073 4533 intelligatquod
3099 4472 3204 4534 per
3220 4473 3456 4515 omnem
3484 4453 3634 4517 Scri-

283 4546 371 4611 τῆς
452 4534 673 4625 Γραφῆς
720 4545 1047 4622 ἐμαρτύρησε
1120 4548 1236 4625 περὶ
1292 4546 1447 4602 αῦτοῦ
1478 4547 1505 4603 ὀ
1538 4548 1690 4620 Θεὸς,
1725 4544 1807 4605 διά
1843 4569 1903 4605 τε

1994 4549 2222 4622 pturam
2282 4551 2526 4604 testatus
2577 4544 2653 4603 sit
2710 4544 2782 4603 de
2833 4562 2901 4604 eo
2936 4544 3254 4613 Deus,tam
3308 4563 3414 4625 per
3446 4545 3634 4623 legem

286 4640 366 4690 τοῦ
412 4634 571 4705 νόμου
626 4637 713 4689 καὶ
772 4642 875 4689 τῶν
950 4643 1256 4714 προφητῶν,
1323 4628 1473 4692 Ἀλλ(
1514 4638 1697 4711 ὑμεῖς,
1730 4640 1912 4717 φησὶ-ι,

287 4719 388 4778 οὔτε
466 4722 648 4801 φωνην
735 4726 890 4780 αὐτοῦ
969 4724 1264 4794 ἀκηκόατε,
1329 4735 1420 4783 τοῦ
1479 4727 1681 4805 [ἰατρὸς
1752 4725 1913 4803 λέγω.

289 4810 390 4867 οὔτε
473 4807 619 4872 εἶδος
720 4813 877 4867 αὐτοῦ
976 4814 1265 4893 ἑωράκατε,
1358 4813 1494 4870 ἀλλὰ
1591 4815 1921 4870 παντάπασιν

287 4896 539 4975 ἄγνωστος
592 4900 721 4973 ὑμῖν
792 4900 924 4957 ἐστι’
980 4900 1109 4959 διότι
1177 4905 1263 4959 καὶ
1292 4905 1382 4959 τὸν
1427 4902 1588 4982 λόγον
1644 4903 1799 4959 αὐτοῦ
1822 4903 1916 4959 οῦκ

288 4986 425 5066 ἔχετε
494 4986 719 5062 μένοντα
772 4992 826 5045 ἒν
885 4993 1036 5066 ῦμϊνο
1099 4992 1361 5068 τουτέστι,
1396 4993 1498 5055 Τὰς
1556 4993 1763 5072 Γραφας
1822 4993 1915 5057 τὰς

293 5078 395 5153 περὶ
443 5076 572 5151 ἐμοῦ
626 5080 988 5157 μαρτυρούσας
1069 5083 1163 5137 οὒκ
1218 5080 1421 5154 οἴδατε,
1480 5083 1523 5137 εἰ
1570 5083 1656 5137 καὶ
1710 5080 1916 5138 δοκεῗῖε

291 5163 358 5219 ὅτι
421 5163 626 5238 οἴδατε,
687 5169 773 5222 καὶ
830 5174 1126 5249 καυχᾶσθε,
1201 5171 1274 5231 ὡς
1347 5172 1410 5226 τὰ
1443 5169 1610 5247 Λόγια
1639 5177 1731 5227 τοῦ
1787 5178 1916 5226 Θεοῦ

290 5255 719 5329 ὶμπιστευθέντες.
780 5257 942 5315 Πόθεν
996 5257 1177 5333 δηλον,
1252 5257 1332 5315 ὅτι
1410 5262 1504 5317 οῦκ
1560 5257 1743 5315 οἴδατε
1819 5262 1912 5323 τας

292 5343 497 5421 Γραφάς⁴
576 5365 608 5401 ¢
670 5334 800 5402 ’Ὁτι
860 5346 915 5403 ἄν
947 5348 1254 5405 ἀπέστειλεν
1286 5347 1515 5426 ἐκεῖνος,
1561 5348 1731 5421 τούτῳ
1754 5349 1911 5423 ὑμε⁴ς

292 5434 342 5489 οὗ
389 5432 676 5494 πιστεύετε.
757 5458 782 5490 ι)
840 5427 1063 5516 ’Ὥσπερ
1095 5438 1180 5494 οῦν
1212 5435 1329 5496 οὔτε
1373 5438 1551 5515 φωνὴν
1584 5444 1715 5495 Θεοῦ
1746 5437 1903 5506 ἠκούρ

1993 4651 2166 4711 quam
2204 4650 2308 4710 per
2343 4633 2659 4712 prOphetas
2723 4633 2872 4695 «Sed
2912 4652 3034 4695 vos.
3070 4631 3284 4713 inquit,
3321 4652 3515 4714 neque
3532 4653 3634 4693 vo-

1996 4739 2123 4781 cem
2151 4721 2281 4797 ejus
2312 4722 2578 4792 audistis,
2613 4721 2826 4794 Patris,
2880 4721 3122 4802 inquam
3157 4741 3347 4802 neque
3377 4726 3635 4800 speciem

1999 4810 2132 4889 ejus
2179 4809 2429 4869 vidiszis.
2470 4833 2498 4869 ›
2539 4810 2680 4872 Ideo
2738 4810 3017 4872 omnibus
3059 4811 3251 4871 modis
3303 4810 3639 4889 incognitus

1998 4898 2160 4958 vobis
2184 4913 2291 4957 εει.
2337 4897 2471 4959 ldeo
2505 4909 2561 4959 et
2585 4918 2922 4960 sermonem
2954 4902 3084 4977 ejus
3114 4918 3227 4959 non
3261 4898 3489 4960 habetis
3507 4920 3637 4960 ma-

2000 4996 2238 5048 nentem
2276 4986 2335 5047 in
2369 4989 2558 5068 vobis;
2620 4989 2729 5049 hoc
2760 4999 2871 5062 est,
2907 4987 3240 5068 Scripturas
3271 5007 3402 5068 quae
3435 4989 3509 5050 de
3546 5009 3639 5049 Ine

2001 5086 2316 5149 testantur,
2346 5078 2586 5139 nescitis
2615 5096 2629 5140 :
2660 5079 2889 5139 tametsi
2917 5077 3234 5138 videamini
3261 5096 3419 5161 sere
3445 5078 3639 5158 etglo-

1998 5166 2135 5226 riari
2189 5167 2246 5226 in
2299 5167 2550 5247 eloquiis
2582 5168 2688 5229 Dei
2722 5186 2853 5247 qua:
2882 5166 3055 5229 vobis.
3089 5161 3432 5227 cantrcdita
3475 5178 3629 5229 sunt.

1998 5256 2151 5318 Hinc
2181 5265 2375 5316 autem
2438 5256 2812 5317 manifestum
2861 5259 3017 5335 quod
3060 5255 3335 5316 nesciatis
3364 5255 3637 5337 Scriptu—

1994 5344 2258 5425 ras,quia
2282 5370 2305 5399 α
2335 5344 2385 5405 ei
2418 5364 2592 5425 quem
2625 5345 2724 5405 ille
2758 5344 3063 5417 misit,non
3096 5345 3356 5406 creditis.
3397 5371 3421 5401 »
3460 5345 3641 5424 Igitur

1994 5436 2145 5496 sicut
2170 5453 2361 5515 neque
2389 5451 2583 5495 vocem
2619 5434 2717 5495 Dei
2751 5434 3059 5496 audivistis
3092 5440 3227 5510 (non
3263 5434 3420 5495 enim
3463 5436 3640 5499 habet

291 5541 394 5578 σατε
459 5525 538 5596 (οῦ
596 5525 696 5602 γὰρ
748 5524 866 5607 ἔχει
917 5527 1098 5607 φωνὴν
1153 5529 1181 5584 ὁ
1238 5534 1367 5590 Θεος
1420 5527 1727 5608 αἰσθητὴν),
1789 5525 1903 5583 οὔτε

1993 5523 2148 5587 Deus
2181 5542 2386 5587 vocem
2420 5523 2787 5599 sensibilem)
2824 5543 3021 5604 neque
3049 5524 3308 5605 speciem
3344 5525 3470 5605 ejus
3500 5525 3638 5587 vidi-

357 5700 601 5766 5010an.
635 5719 721 5779 Ix,
756 5703 855 5769 16.
940 5704 991 5756 3‘
1026 5704 1233 5772 Matth.
1266 5719 1411 5782 xvu,
1445 5702 1513 5767 5.
