4060 6294
158 244 329 311 1285

912 248 1356 313 ENARRATIO
1385 249 1464 313 IN
1510 245 2015 313 EVANGELIUM
2059 248 2401 315 JOANNIS.
2450 285 2526 295 —-
2572 250 2734 314 CAP.
2775 250 2870 315 VI.

3414 249 3571 314 1286

163 378 223 434 τί
256 380 405 434 ἔστιν
437 378 510 442 εἰς
548 378 828 441 τοσούτους
861 396 877 457 ς
921 400 941 431 ι
979 378 1127 441 Τίνος
1151 378 1325 436 ἕνεκεν
1353 382 1498 458 εἶπε,
1522 381 1605 459 τὸ,
1646 380 1831 439 αἈνα-

1920 388 2008 441 ter
2030 390 2143 443 tam
2179 382 2658 456 multos?nQuare
2684 384 3042 465 dixit,«Cnm
3067 386 3398 447 sustulisset
3415 407 3564 448 ocuv

162 463 386 542 ϐλέψας
419 479 537 529 τοῖς
569 465 869 546 ὀφθαλμοῖς
896 468 924 522 6
957 465 1206 534 Ἰησοῦςξ
1237 488 1262 522 α
1298 458 1420 525 ’Ίνα
1442 470 1713 543 μάθωμεν,
1749 471 1829 527 ὅτι

162 557 274 612 οὒκ
330 552 585 633 ὶρέμϐετο
644 555 765 619 τοὺς
829 554 1127 633 ὀφθαλμοὺς
1187 553 1311 632 τῇδε
1380 558 1599 614 κάκεῖσε
1635 579 1646 591 ·
1710 559 1764 616 ἀ)
1778 560 1824 616 λ’

160 645 260 701 ἰπὶ
298 644 537 709 συννοίας
596 645 894 718 καθήμενος
929 645 1017 701 καὶ
1068 645 1345 724 προσοχῆς
1397 647 1483 702 καὶ
1539 645 1827 722 ἀκριϐείας,

164 735 275 792 οἶα
328 732 381 791 δὲ
439 748 557 797 τυτς
610 738 878 809 μαθηταῖς
924 736 1043 812 περί
1085 756 1242 790 τινων
1298 736 1569 814 θειοτέρων
1600 736 1836 817 διαλεγό-

162 846 356 902 μενος,
419 825 571 891 τέλος
630 822 889 901 ἀνέϐλεψε
946 837 1065 888 τοῖς
1123 824 1438 905 ὀφθαλμοῖς,
1501 829 1588 884 καὶ
1664 829 1833 908 ἐρωτᾷ

161 917 295 994 περὶ
352 921 445 971 τοῦ
502 912 692 994 ὄχλου,
754 914 911 970 πόθεν
983 911 1421 995 διατραφήσεται,
1509 919 1612 975 Οὔκ
1672 917 1833 975 ἄλλον

162 1004 226 1061 δὲ
294 1004 487 1083 ἐρωτᾷ,
535 1002 672 1059 ἀλλὰ
728 1002 1026 1064 Φλιππον.
1083 1003 1246 1068 Οὗτος
1306 1006 1404 1083 γὰρ
1434 1006 1556 1073 ἦνὸ
1591 1006 1833 1072 πλείονος

160 1092 427 1171 δεόμενος
457 1090 819 1166 διδασκαλίας,
880 1095 908 1149 6
938 1093 1074 1169 μετὰ
1130 1100 1293 1150 ταῦτα
1323 1092 1495 1171 λέγων
1529 1112 1543 1127 ⁸
1584 1117 1606 1150 α
1648 1096 1831 1162 Δεῖξον

158 1185 315 1258 ἡμῖν
356 1184 451 1237 τὸν
495 1180 724 1260 Πατέρα,
773 1182 862 1237 καὶ
907 1181 1063 1260 ἀρκεῖ
1110 1182 1265 1257 ἡμῖν.
1302 1210 1326 1240 ι
1396 1184 1491 1239 Διά
1534 1191 1689 1242 τοῦτο
1731 1188 1832 1265 πρὸ

157 1270 379 1330 πολλοῦ
463 1272 621 1328 αὐτὸν
705 1271 956 1346 ῥυθμίζει,
1042 1272 1130 1327 καὶ
1198 1268 1282 1327 διὰ
1357 1278 1457 1337 τῆς
1522 1273 1831 1351 ἐρωτήσεως

158 1362 352 1439 ἐνάγει
399 1361 556 1416 αὐτὸν
602 1362 673 1421 εἷς
729 1361 791 1415 τὸ
849 1360 929 1416 ἀεὶ
986 1361 1340 1436 μνημονεύειν
1380 1368 1472 1417 τοῦ
1540 1364 1827 1437 θαύματος.

160 1451 228 1509 Εἰ
295 1448 393 1525 μὲν
456 1449 555 1526 γὰρ
600 1447 782 1514 ἅπλῶς
836 1450 898 1505 τὸ
943 1462 1176 1524 σημεῖον
1219 1447 1451 1530 ἐγένετο,
1501 1453 1594 1507 οὒκ
1624 1451 1686 1507 ἂν
1716 1476 1834 1509 τοσο

156 1545 326 1596 οὗτον
399 1536 566 1617 ἐφάνη
625 1538 687 1594 τὸ
744 1540 919 1613 θαῦμα
952 1553 965 1567 ⁸
1030 1540 1136 1595 νυνὶ
1220 1536 1275 1594 δὲ
1346 1538 1602 1620 πρότερον
1676 1542 1834 1604 αὖτδν

159 1626 466 1704 ἀναγκάζει
530 1625 864 1705 ὁμολογῆσαι
934 1627 1032 1695 τὴν
1094 1626 1310 1698 σπάνιν,
1371 1628 1464 1685 ἵνα
1522 1629 1835 1708 ἀκριϐέστε-

161 1739 263 1796 ρον
333 1715 621 1792 καταμάθῃ
665 1725 758 1775 τοῦ
814 1714 1103 1792 μέλλοντος
1160 1717 1391 1794 γίνεσθαι
1465 1720 1730 1793 θαύματος
1775 1725 1835 1777 τὸ

1916 468 2003 530 los
2052 472 2219 534 suos?
2254 499 2278 526 ι
2343 471 2417 535 Ut
2474 474 2771 534 discamus
2843 473 2999 553 quod
3053 494 3167 535 non
3220 474 3427 536 solitus
3490 477 3565 536 sit

1916 558 2049 618 hinc
2078 572 2135 621 et
2162 560 2299 621 inde
2322 562 2513 639 vagari
2550 562 2873 631 oculis,scd
2901 562 3262 641 compositus
3294 575 3347 624 et
3372 574 3559 624 atten-

1917 654 2007 709 tus
2042 651 2487 729 sedere,utpo?e
2509 650 2730 710 docens
2749 650 3076 728 discipulos
3095 650 3383 712 diviniora
3407 671 3564 732 quae-

1916 736 2074 798 dam.
2128 737 2396 817 Denique
2453 738 2689 800 sustulit
2748 739 2954 799 oculos
2986 747 3044 798 et
3074 748 3237 817 rogat
3269 740 3343 800 de
3394 741 3563 802 turba

1915 826 2209 902 quom-do
2241 826 2452 887 alenda
2478 826 2570 887 sit.
2618 828 2745 888 Non
2777 826 2955 887 alium
3012 836 3206 887 autem
3240 827 3563 909 interrogat

1917 932 2089 994 quam
2106 915 2442 994 Philippum
2480 918 2613 995 [pse
2629 916 2785 976 enim
2804 914 3015 993 majori
3037 916 3338 994 indigebat
3361 922 3503 979 erud
3516 920 3557 978 i-

1917 1003 2099 1072 tione,
2124 1003 2225 1083 qui
2258 1013 2463 1080 postea
2492 1005 2745 1064 dicebat:
2765 1003 3066 1066 «Ostende
3099 1005 3270 1064 uob-s
3300 1005 3555 1082 Patrem,

1913 1110 1981 1152 ac
2012 1092 2228 1153 sufficit
2261 1092 2433 1152 nobis
2466 1093 2672 1153 35.nEt
2704 1100 3021 1171 propterea
3050 1102 3222 1153 antea
3248 1093 3412 1154 illum
3447 1094 3565 1156 ins-

1916 1182 2149 1251 truit,et
2172 1180 2831 1259 perinterrogationem
2868 1180 3088 1241 inducit
3121 1194 3346 1254 eum,ut
3377 1185 3558 1245 mira-

1917 1270 2033 1330 culi
2057 1287 2296 1348 semper
2324 1269 2400 1330 sit
2427 1268 2831 1330 memor.Nnm
2864 1269 2911 1328 si
2937 1268 3176 1348 quidem
3210 1271 3556 1334 miraculum

1916 1356 2263 1439 simpliciter
2292 1358 2499 1420 fuisset
2534 1358 2773 1430 factum,
2816 1377 2929 1417 non
2966 1376 3150 1437 usque
3199 1360 3347 1420 adeo
3370 1361 3556 1424 visum

1913 1446 2121 1509 fuisset
2175 1447 2260 1508 illi
2311 1449 2659 1508 miraculum
2707 1467 2913 1507 :nunc
2957 1464 3153 1508 autem
3212 1449 3554 1533 priusquam

1922 1534 2288 1612 ﬁeret,i|lum
2323 1537 2627 1617 compellit
2655 1536 2823 1597 fateri
2856 1536 3209 1613 paucitatem
3244 1554 3557 1618 panum,ut

1921 1624 2251 1686 evidentius
2269 1626 2533 1686 addiscat
2556 1626 2735 1685 futuri
2760 1624 3027 1684 miraculi
3060 1628 3554 1709 magnitudinem,

1920 1722 1977 1773 et
2006 1733 2121 1773 non
2157 1732 2190 1775 e
2220 1714 2508 1774 memoria
2559 1714 2787 1792 rejiviat
2832 1732 2899 1773 ea
2934 1731 3064 1792 qua:
3104 1717 3409 1777 confessus
3440 1730 3552 1779 est.

161 1804 423 1883 μέγεθος,
478 1806 566 1861 καὶ
629 1806 707 1879 μὴ
767 1803 964 1881 δυνηθῇ
1021 1804 1210 1862 λοιπὸν
1254 1804 1506 1864 ἐκϐαλεῖν
1548 1809 1645 1875 τὴν
1690 1812 1829 1878 μνή-

1919 1800 2142 1863 Idcirco
2168 1804 2310 1864 dicit
2344 1821 2355 1863 :
2385 1829 2408 1856 ιι
2446 1801 2615 1865 Unde
2645 1820 2914 1863 eun-mus
2947 1819 3127 1880 panes
3160 1807 3553 1868 utcomedant

166 1918 288 1969 μην
361 1894 466 1948 τῶν
537 1892 1003 1971 ὁμολογηθέντων.
1072 1897 1169 1951 Διὰ
1233 1897 1387 1952 τοῦτό
1432 1920 1559 1975 φησι
1594 1915 1606 1928 ⁸
1672 1900 1833 1955 Πόθεν

166 1981 515 2061 ἀγοράσομεν
574 1981 785 2062 ἄρτους,
832 1983 923 2039 ἵνα
977 1988 1215 2061 φάγωσιν
1271 1984 1413 2040 οὗτοι
1452 2005 1467 2060 ;
1508 2010 1529 2041 ε
1567 1987 1717 2065 Λέγει
1776 1986 1829 2044 δὲ

165 2070 343 2128 ταῦτα
392 2071 650 2150 πειράζων
708 2072 799 2127 τὸν
858 2070 1150 2142 Φίλιππον,
1184 2073 1448 2155 τοδτέστι,
1480 2073 1646 2131 θέλων
1676 2078 1828 2133 αὒτὸν

164 2158 444 2239 γνώριμον
503 2160 860 2235 καταστῆσαι,
906 2160 1020 2217 τίνα
1065 2162 1247 2218 πίστιν
1292 2162 1432 2243 ἔχει.
1493 2168 1565 2223 Οὐ
1620 2167 1720 2243 γὰρ
1763 2164 1827 2234 δὴ

167 2251 246 2314 ὡς
305 2246 511 2324 ἀγνοῶν
571 2248 725 2311 αὐτὸς
783 2249 881 2317 τὴν
936 2248 1029 2304 τοῖ’)
1057 2249 1325 2306 Φιλίππου
1369 2251 1615 2331 γνώμην,
1662 2252 1830 2332 ἐρωτᾷ

167 2337 360 2409 αὐτὸν,
406 2335 543 2392 ἀλλὰ
575 2351 693 2402 τοῖς
738 2334 919 2400 ἄλλοις
968 2336 1133 2394 θέλων
1190 2338 1354 2404 δεῖξαι
1387 2342 1564 2400 αὐτόν.
1609 2371 1630 2399 ι
1666 2344 1828 2406 Ᾱῦτὸς

165 2427 276 2505 γὰρ
304 2427 332 2480 6
381 2425 590 2502 Κύριος,
626 2424 738 2502 ᾔδει
769 2428 817 2483 τί
847 2426 1035 2502 ἔμελλε
1082 2442 1280 2488 ποιεῖν.
1321 2453 1344 2485 ι
1382 2433 1479 2488 Τὸν
1516 2434 1600 2487 οὖν
1631 2431 1827 2488 Φίλιπ-

165 2537 275 2572 πον
309 2514 564 2593 πειράσας
623 2513 741 2595 εἴγε
797 2516 973 2572 πίστιν
1026 2519 1168 2598 ἔχει,
1219 2519 1305 2575 καὶ
1340 2521 1501 2597 εὒρὼν
1534 2523 1688 2578 αὐτὸν
1731 2522 1830 2576 ἆν-

166 2604 451 2685 ορωπίνως
506 2604 583 2662 ἔτι
628 2602 980 2687 διακείμενον,
1026 2609 1108 2664 ναὶ
1151 2610 1260 2684 μὴν
1308 2611 1396 2667 καὶ
1437 2613 1527 2667 τὸν
1583 2609 1833 2691 Ἀνδρέαν

166 2697 401 2776 εὑρίσκει
445 2704 702 2760 τοιοῦτον.
768 2700 823 2755 Εἰ
853 2700 953 2777 γὰρ
1002 2702 1091 2756 καὶ
1141 2700 1471 2780 ὑψηλότερόν
1513 2724 1563 2758 τι
1598 2705 1684 2759 τοῦ
1726 2710 1827 2759 Φι-

167 2784 374 2843 λίππου
431 2784 730 2866 ἔφαντάσθη
803 2785 1021 2866 (ἐκείνου
1066 2789 1163 2866 γὰρ
1194 2790 1457 2869 εἰπόντος,
1490 2789 1568 2846 ὅτι
1619 2813 1645 2844 ε
1697 2802 1827 2847 Δια-

168 2874 377 2932 κοσίων
435 2872 693 2954 δηναρίων
737 2875 884 2953 ἄρτοι
934 2877 1028 2932 οὒκ
1069 2877 1336 2957 ἀρκοῦσιν,
1391 2902 1415 2932 ι
1472 2883 1629 2941 αὐτὸς
1672 2878 1829 2935 πέντε

169 2963 370 3041 ἄρτους
420 2963 703 3042 κριθίνους,
761 2966 849 3020 καὶ
922 2962 1009 3020 δύο
1079 2966 1277 3044 ὀψάρια
1332 2964 1678 3041 ὖποδεικνύει,
1737 2967 1823 3023 ἐν-

169 3052 377 3120 νοήσας
433 3049 572 3113 ’ίσως
629 3054 717 3107 καὶ
771 3054 837 3108 τὰ
879 3059 985 3108 τῶν
1016 3058 1305 3134 προφητῶν
1358 3056 1623 3130 θαύματα,
1682 3055 1827 3122 ὅπως
1845 3105 1886 3157 C

175 3140 191 3157 ι
249 3135 337 3157 ’.πη
478 3152 503 3157 ρ.
612 3143 624 3157 I
720 3142 731 3157 Ι
863 3144 876 3157 ι
938 3142 951 3157 ιι
1000 3143 1013 3157 ι
1102 3143 1131 3154 ~
1224 3142 1248 3157 Il
1740 3145 1763 3157 ΙΙ

170 3140 201 3196 6
249 3135 562 3203 Ἐλισσαῖος
612 3142 777 3197 ὶποίει
828 3144 888 3198 τὸ
935 3142 1017 3199 ἐπὶ
1060 3143 1167 3199 τῶν
1218 3142 1386 3224 ἄρτων
1437 3158 1691 3224 σημεῖον,
1738 3145 1825 3201 ὅτε

168 3232 207 3297 ἡ
273 3227 548 3304 Σαμάρεια
600 3230 672 3295 εἷς
715 3229 943 3309 ἔσχατον
993 3230 1258 3296 ἀπωλείας
1287 3232 1495 3314 ἦλθεν),
1531 3233 1649 3290 ἀλλ’
1680 3234 1826 3309 ὅμως

179 3318 273 3377 καὶ
331 3314 580 3395 Ἀνδρέας
632 3317 941 3400 ἐλέγχεται,
1017 3319 1183 3397 μηδὲν
1244 3321 1453 3389 ἐπάξιον
1492 3323 1586 3381 τοῦ
1644 3326 1828 3401 Κυρίοδ

173 3406 459 3477 ἔννοήσας.
494 3409 634 3475 Φησὶ
658 3411 777 3489 γάρ·
821 3432 848 3465 ιι
884 3407 1050 3467 Ἀλλὰ
1078 3418 1243 3469 ταῦτα
1278 3412 1328 3468 τί
1364 3412 1504 3469 ἐστιν
1534 3416 1604 3476 εἷς
1635 3414 1828 3470 τοσού-

171 3516 299 3558 τους
335 3517 351 3569 ;
406 3518 429 3553 ι
495 3494 745 3573 Ἐνόμισε
776 3499 898 3579 γὰρ,
959 3498 1039 3556 ὅτι
1099 3498 1313 3570 αὐξήσει
1358 3506 1453 3576 μὲν
1496 3502 1631 3568 ”σως
1662 3504 1689 3559 6
1724 3503 1830 3560 Κύ-

178 3606 294 3665 ριος
325 3584 443 3650 τοὺς
499 3584 711 3666 ἄρτους,
772 3585 892 3643 ἀλλ’
947 3589 1038 3644 εὰν
1070 3588 1205 3657 ἦσαν
1249 3588 1512 3664 πλείονες,
1546 3588 1741 3647 πλείων
1771 3588 1831 3654 ἂν

171 3676 263 3733 καὶ
313 3674 349 3742 ἡ
406 3671 621 3742 αὔξησις
678 3674 906 3755 ἐγίνετο,
968 3676 1277 3756 ἐπισφαλῶς
1334 3680 1548 3743 πάντως
1581 3685 1734 3736 νοῶν.
1775 3670 1832 3736 Ὀ

172 3765 277 3844 γὰρ
346 3762 530 3842 Κύριος
562 3767 648 3821 καὶ
690 3764 750 3822 ἐκ
780 3765 858 3841 μὴ
908 3765 1073 3824 ὄντων
1127 3764 1358 3834 ἠδύνατο
1416 3768 1601 3845 ἄρτους
1654 3782 1831 3826 ποιεῖν

171 3858 251 3927 τῷ
293 3850 487 3924 πλήθει
532 3853 818 3934 ἄκροῦντας
852 3870 870 3889 ⁶
930 3854 1079 3931 ὅμως
1136 3856 1227 3913 ἵνα
1273 3858 1352 3932 μὴ
1395 3855 1519 3935 δόξῃ
1563 3862 1597 3927 ἡ
1665 3858 1832 3923 κτίσις

172 3940 428 4021 ἀλλοτρία
486 3946 623 4000 εἶναι
682 3950 781 4013 τῆς
830 3946 991 4005 αὐτοῦ
1045 3945 1253 4026 σοφίας,
1291 3950 1423 4024 αὖτῇ
1450 3949 1517 4023 τῇ
1546 3950 1710 4005 κτίσει
1737 3947 1833 4003 κέ·-

172 4050 379 4112 χρηται
423 4033 554 4109 πρὸς
586 4032 685 4100 τὴν
728 4034 976 4091 ὑπόθεσιν
1034 4037 1141 4090 τῶν
1171 4037 1456 4112 θαυμάτων
1491 4056 1506 4070 ⁸
1548 4040 1635 4093 καὶ
1665 4037 1833 4117 ἀφορ-

173 4119 284 4197 μὴν
340 4115 517 4175 λαϐὼν
572 4122 692 4186 τοὺς
754 4120 967 4202 ἄρτους,
1031 4126 1211 4203 ὥσπερ
1272 4123 1404 4194 ὅλην
1457 4127 1595 4200 τινὰ,
1669 4115 1835 4190 οὕτως

175 4206 437 4266 εἰδοποιετ
518 4211 581 4267 τὸ
648 4214 843 4288 θαῦμα,
930 4214 1374 4294 Αἶσχυνέσθωσαν
1432 4217 1477 4271 οἱ
1538 4222 1834 4295 Μανιχατοι

177 4297 450 4377 λέγοντες,
497 4298 577 4357 ὅτι
624 4300 652 4357 6
694 4300 877 4384 ἄρτος,
920 4304 1008 4359 καὶ
1053 4302 1224 4361 πάντα
1291 4306 1357 4361 τὰ
1414 4304 1469 4361 ἐν
1510 4311 1579 4381 τῇ
1644 4306 1831 4382 κτίσει,

179 4394 273 4446 τοῦ
303 4396 537 4467 πονηροῦ
569 4396 701 4447 Θεοῦ
753 4392 850 4447 εἶσι
909 4390 1355 4469 δημιουργήματα
1388 4409 1404 4426 ⁶
1454 4395 1542 4450 καὶ
1571 4391 1656 4449 διὰ
1684 4401 1838 4451 τοῦτο

181 4474 273 4535 ὶάν
302 4496 384 4539 τις
416 4481 602 4541 αὐτοῖς
650 4477 763 4553 δῴη
806 4480 988 4561 ἄρτον,
1035 4483 1113 4556 μὴ
1158 4476 1517 4547 λαμϐάνοντες
1568 4484 1723 4542 αὐτὸν
1781 4482 1841 4538 ἐκ

1916 1890 2204 1953 ὴὶῖνυυὶιὶι
2242 1903 2436 1951 autem
2480 1893 2602 1952 haec
2640 1899 2874 1953 teutans
2905 1891 3267 1970 Philippum,
3297 1897 3407 1955 hoc
3439 1906 3549 1970 est,

1914 1980 2116 2041 volens
2149 1990 2347 2040 notum
2382 1983 2782 2060 facere,quam
2819 1980 3066 2040 haberet
3088 1981 3189 2042 ille
3218 1982 3548 2046 fidem.Ne—

1913 2086 2031 2147 que
2060 2072 2218 2131 enim
2244 2078 2304 2129 ut
2335 2071 2616 2148 ignorans
2648 2071 2720 2130 dc
2750 2069 3043 2128 sententia
3074 2067 3329 2152 Philippi
3360 2074 3551 2135 inter-

1910 2158 2173 2242 rogabat,
2204 2158 2307 2234 sed
2352 2160 2482 2220 aliis
2519 2170 2853 2220 monstrare
2879 2158 3132 2221 volebat.
3173 2185 3200 2214 α
3233 2158 3377 2222 Nam
3426 2165 3554 2244 ipse

1913 2247 2200 2310 Dominus
2232 2247 2453 2312 sciebat
2505 2248 2642 2329 quid
2696 2249 2954 2308 facturus
3005 2254 3182 2307 esset.
3219 2273 3242 2303 ι
3280 2248 3461 2328 Igitur
3490 2262 3555 2316 ut

1913 2336 2156 2397 tentavit
2182 2337 2514 2417 Philippum
2551 2355 2688 2397 num
2721 2335 2839 2411 ,uid
2864 2336 3111 2397 haberet
3132 2337 3230 2399 ille
3259 2339 3460 2415 fidem,
3494 2354 3556 2406 et

1914 2425 2138 2499 invenit
2172 2427 2361 2508 ipsum
2387 2428 2581 2486 adhuc
2605 2427 2877 2485 affectum
2898 2434 2957 2484 ut
2979 2424 3559 2511 hominemzinsnper

1915 2529 1972 2581 et
2002 2518 2300 2580 Andream
2326 2537 2560 2598 quoque
2593 2518 2764 2578 talem
2805 2518 3051 2589 invenit,
3081 2521 3313 2580 tametsi
3362 2521 3552 2581 subli-

1916 2609 2068 2670 mius
2098 2608 2377 2688 quiddam
2441 2606 2712 2687 l'hilippo
2765 2606 3557 2670 sentientem.llloenimdi-

1914 2713 2089 2759 cente
2131 2700 2285 2777 quod
2341 2699 2727 2757 ducentorum
2787 2696 3162 2757 denariorum
3214 2717 3393 2776 panes
3434 2718 3550 2759 non

1914 2786 2232 2855 sufficiunt,
2271 2786 2367 2846 ille
2395 2784 2655 2864 quinque
2715 2801 2896 2863 panes
2927 2784 3287 2847 hordeaceos
3323 2796 3379 2845 et
3406 2788 3552 2847 duos

1914 2874 2108 2954 pisces
2138 2873 2613 2933 commonstravit
2636 2871 2917 2947 ,cogitans
2948 2873 3098 2930 forte
3130 2874 3548 2951 prOphetarum

1914 2962 2220 3041 miracula,
2255 2968 2317 3020 ut
2348 2961 2543 3022 Elisazi
2567 2960 2625 3019 in
2656 2958 2908 3037 panibus
2930 2960 3188 3036 signum,
3220 2982 3243 3015 ι
3274 2980 3405 3022 cum
3440 2965 3549 3025 Sa-

1915 3050 2099 3111 maria
2125 3051 2183 3111 in
2208 3059 2535 3112 extremum
2562 3048 2817 3108 venisset
2838 3045 3553 3127 inopiam”.»ﬂedargui.

1912 3149 2006 3202 tur
2036 3149 2230 3202 tamen
2260 3148 2317 3200 et
2339 3139 2605 3200 Andreas
2632 3136 2777 3197 nihil
2812 3135 3054 3214 dignum
3104 3136 3356 3199 Domino
3381 3144 3545 3219 cogi-

1911 3228 2223 3291 tans.Dicit
2256 3228 2410 3289 enim
2440 3249 2454 3286 :
2482 3228 2633 3287 «Sed
2654 3227 2778 3286 haec
2812 3224 3052 3304 quidem
3081 3234 3215 3286 sunt
3246 3226 3400 3288 inter
3432 3236 3547 3289 tam

1912 3319 2159 3380 multos?
2189 3342 2216 3375 ι
2250 3315 2633 3379 Existimabat
2673 3314 2830 3375 enim
2862 3312 3017 3394 quod
3053 3315 3547 3396 multiplicaturus

1912 3407 2151 3491 quidem
2187 3426 2367 3487 panes
2399 3414 2555 3466 esset
2588 3402 3005 3482 Dominus,sed
3037 3402 3086 3462 si
3117 3415 3313 3464 essent
3335 3406 3554 3485 plures,

1917 3499 2106 3577 major
2135 3508 2191 3557 et
2226 3496 2634 3576 multiplicatio
2677 3493 2872 3554 futura
2903 3502 3081 3566 esset,
3114 3512 3147 3553 a
3176 3502 3337 3554 recto
3370 3514 3548 3558 sensu

1915 3605 2158 3668 prorsus
2202 3588 2510 3647 aberrans.
2544 3586 2690 3645 Nam
2742 3581 3028 3642 Dominus
3054 3582 3228 3642 etiam
3263 3601 3331 3643 ea
3365 3585 3549 3646 nihilo

1916 3675 2201 3756 potuisset
2226 3693 2408 3755 panes
2437 3672 2761 3753 facere,qui
2794 3673 2977 3733 tuer
3000 3671 3377 3736 sufﬁcerent:
3412 3683 3551 3735 atta-

1914 3783 2051 3827 men
2086 3785 2161 3825 ne
2183 3766 2485 3825 videretur
2514 3774 2784 3824 creatura
2815 3780 2928 3821 non
2953 3778 3085 3822 esse
3135 3778 3205 3821 ex
3235 3761 3423 3841 ipsius
3452 3782 3549 3825 sa-

1919 3854 2161 3935 pientia.
2198 3855 2324 3934 ipsa
2353 3863 2621 3913 creatura
2655 3868 2794 3911 usus
2820 3860 2908 3909 est
2949 3851 3009 3909 in
3036 3850 3340 3911 materiam
3368 3851 3552 3913 mira-

1918 3945 2277 4022 culorum,et
2325 3943 2584 4022 acceptis
2628 3944 2892 4021 quinque
2925 3940 3175 4018 panibus
3201 3940 3282 4000 uti
3312 3943 3555 4003 materia

1920 4032 2551 4115 quadam,przeclarum
2578 4031 2729 4091 istud
2756 4029 3102 4089 miraculum
3135 4028 3555 4092 t'ecit.Cont'un-

1920 4124 2133 4183 dantur
2182 4122 2519 4200 Μᾶιιὶιτὴᾶιὶ,
2550 4119 2819 4179 dicentes
2872 4118 3027 4198 quod
3063 4116 3230 4197 panis
3255 4132 3314 4178 et
3344 4138 3555 4181 omnes

1920 4223 2206 4273 creatura:
2257 4210 2422 4271 factae
2467 4208 2586 4268 sint
2616 4226 2648 4267 a
2679 4206 2832 4267 malo
2864 4205 2986 4266 Deo
3025 4226 3038 4263 :
3078 4214 3135 4265 et
3167 4216 3477 4285 propterea
3506 4210 3551 4268 si

1918 4301 2048 4383 quis
2085 4301 2316 4361 dederit
2356 4298 2441 4359 eis
2490 4314 2724 4377 panem,
2760 4314 2876 4355 non
2920 4294 3215 4373 accipiunt
3263 4296 3427 4357 illum
3479 4298 3555 4359 de

1920 4389 2193 4452 manibus
2224 4388 2514 4461 illius,sed
2548 4386 2749 4466 procul
2781 4383 3021 4464 quidem
3065 4383 3231 4443 illum
3259 4384 3437 4464 abjici
3461 4389 3557 4467 ju-

1919 4480 2311 4550 bent,stantes
2339 4486 2454 4537 auti
2480 4496 2565 4550 ιιι,
2597 4486 2654 4536 et
2704 4492 2798 4536 ma
2824 4474 3127 4535 edicentes
3157 4473 3212 4533 ei
3238 4475 3338 4553 qui
3369 4477 3550 4558 dedit,

178 4571 287 4624 τῶν
316 4562 518 4622 ἐκείνου
561 4572 783 4648 χειρῶν,
848 4567 985 4625 ἀλλὰ
1043 4568 1313 4647 πόρρωθεν
1377 4571 1475 4647 μὲν
1507 4566 1667 4630 αὐτὸν
1692 4571 1831 4648 ῥίψαι

1922 4568 2127 4630 dicunt
2154 4590 2164 4625 :
2192 4566 2301 4638 Qui
2325 4566 2636 4627 seminavit
2670 4562 3132 4642 te,dispergatur
3165 4581 3180 4621 :
3215 4572 3273 4622 et
3292 4563 3394 4643 qui
3431 4567 3567 4644 pin-

182 4653 581 4729 ἐπιτάττοντες,
667 4659 941 4734 ἱστάμενοι
1027 4656 1080 4714 δὲ
1149 4661 1237 4715 καὶ
1314 4660 1679 4737 καταρώμενοι
1757 4666 1834 4733 τῷ

184 4743 375 4801 δόντι·
441 4735 498 4801 Ὀ
571 4747 786 4825 σπείρας
876 4770 956 4823 σε,
1035 4749 1303 4825 σπαρείη·
1380 4752 1407 4805 6
1455 4735 1675 4819 eadem;
1749 4770 1833 4828 σε,

184 4833 428 4901 ἁλισθείη
471 4834 566 4897 τὰς
611 4835 832 4917 σάρκας,
876 4839 965 4894 καὶ
1013 4835 1110 4893 ὅσα
1162 4839 1562 4917 τοιουτότροπα.
1597 4840 1832 4918 Αἰσχυν-

186 4925 421 4980 όσθωσαν
491 4923 579 4979 οὗν
652 4924 958 5001 ἀκούοντες,
1046 4925 1126 4982 ὅτι
1194 4930 1221 4983 6
1284 4937 1378 4987 τοῦ
1451 4927 1650 5004 ἀγαθοῦ
1706 4934 1837 4985 Θεοῦ

189 5013 305 5075 Υἱὸς
361 5012 388 5066 6
464 5015 711 5090 Χριστὸς,
786 5014 970 5093 ἄρτους
1031 5013 1341 5084 ἐπλήθυνεν.
1416 5017 1472 5073 Εἰ
1544 5013 1599 5071 δὲ
1671 5018 1833 5072 κακὸν

183 5104 317 5170 ἦσαν
374 5102 588 5173 κτίσμα,
626 5105 719 5160 οὒκ
778 5102 838 5159 ἂν
900 5107 927 5160 6
970 5104 1166 5183 ἀγαθὸς
1221 5107 1282 5161 τὸ
1323 5108 1489 5163 κακὸν
1520 5103 1831 5179 ἐπλήθυνεν,

186 5192 274 5249 '1"-
320 5190 397 5265 μὴ
427 5188 570 5269 λέγω
594 5192 712 5274 -καὶ
773 5194 929 5258 αὐτὸς
988 5191 1175 5271 ἄρτους
1206 5193 1407 5262 ἤσθιεν,
1440 5192 1590 5252 Ἀλλ’
1622 5193 1833 5274 ἒρωτή-

187 5303 266 5339 σοι
313 5279 372 5335 ἄν
413 5300 495 5343 τις
530 5300 545 5315 ⁸
593 5269 722 5357 Ἀρα
766 5289 921 5340 τοῦτο
992 5284 1053 5339 τὸ
1116 5289 1223 5339 τῶν
1286 5282 1457 5363 ἄρτων
1520 5289 1716 5361 θαῦμα,
1772 5285 1834 5341 τὸ

261 5438 316 5485 ³⁵
345 5439 510 5503 Joan.
550 5452 670 5510 xiv,
709 5442 767 5515 8,
792 5443 851 5503 9.
938 5439 994 5486 ³⁸
1020 5440 1098 5505 ιιι
1125 5444 1270 5525 Reg.
1307 5460 1383 5516 Iv,
1419 5442 1514 5506 38.

1918 4659 2035 4721 suit
2079 4666 2154 4724 te.
2194 4655 2459 4735 pinsatur
2496 4672 2696 4722 carne,
2756 4662 2815 4711 et
2861 4650 3100 4711 similia.
3130 4651 3270 4711 585
3295 4652 3555 4716 Confun-

1918 4747 2346 4826 dauturitaque
2372 4745 2678 4806 audientes
2703 4742 2858 4822 quod
2892 4740 3031 4800 boni
3061 4740 3165 4801 Dei
3200 4741 3557 4804 FiliusChri-

1918 4847 2043 4898 stus
2076 4853 2255 4917 panes
2279 4834 2686 4912 multiplicant
2716 4828 2859 4891 Nam
2894 4829 2942 4889 si
2968 4829 3120 4890 mala
3153 4830 3352 4892 fuisset
3383 4851 3555 4894 ciea-
3594 4886 3597 4887 ν

1918 4927 2265 4995 tura,bonus
2299 4924 2454 5003 quod
2492 4920 2704 4982 malum
2729 4928 2886 4981 esset
2912 4919 3112 4998 utique
3133 4938 3245 4979 nen
3280 4922 3563 5001 multipli.

1918 5024 2111 5076 casset
2147 5034 2161 5075 :
2198 5027 2260 5074 ut
2310 5023 2534 5074 taceam
2581 5008 2848 5081 interim,
2901 5009 3055 5087 quod
3104 5017 3162 5069 et
3208 5014 3333 5087 ipse
3378 5029 3559 5090 panes

1917 5122 1968 5164 Ct
1993 5102 2494 5165 medit.Caeterum
2529 5100 2576 5161 si
2600 5099 2733 5178 quis
2764 5099 3378 5175 interrogaveritmum
3398 5101 3558 5162 idem

1917 5194 1987 5256 sit
2047 5194 2158 5254 hoc
2222 5190 2572 5253 miraculum
2636 5204 2850 5268 panum
2906 5204 3039 5247 cum
3100 5206 3170 5247 eo
3201 5190 3354 5268 quid
3403 5192 3558 5271 apud

1920 5283 2251 5345 Matthaeum
2301 5276 2688 5342 describitur?
2718 5275 2998 5356 dicimus,
3031 5276 3205 5338 Certe
3254 5278 3407 5339 idem
3446 5290 3558 5348 est.
