4116 6318
496 308 650 373 1287
1463 307 2059 371 THEOPHYLACTI

2177 302 2509 368 JLGARLE
2553 302 2911 368 ARCHIEP.
3736 304 3885 373 1288

497 444 774 517 Quamvis
803 452 997 504 autem
1060 441 1202 504 illuc
1250 439 1519 519 discipuli
1578 439 1873 501 accedunt
1927 439 2090 499 adma

2177 457 2200 501 λ
2225 436 2350 493 αὐτό
2393 436 2503 493 ἐστι
2534 445 2610 513 τῷ
2653 440 2794 516 παρὰ
2824 445 2900 512 τῷ
2951 441 3199 513 Ματθαίῳ
3248 438 3422 519 ιὲἳ);
3470 442 3540 500 Τὸ
3586 443 3713 500 αὐτό
3743 442 3877 505 ἐστι.

498 543 707 597 nentes
736 533 810 593 de
844 531 1017 594 turba
1048 540 1108 592 ut
1139 530 1607 597 dimittatur,lioc
1639 537 1835 588 autem
1859 528 1990 589 loco
2014 528 2090 607 ips

2230 528 2284 583 Εἰ
2315 525 2369 582 δὲ
2401 526 2518 583 ἐκεῖ
2576 527 2675 603 μὲν
2731 525 3122 608 προσέρχονται
3167 532 3214 587 οἱ
3272 532 3507 606 μαθηταί
3561 532 3876 607 ὑπομιμνή-

492 627 662 686 Jesus
690 625 1015 701 interrogat
1058 623 1216 682 unde
1245 630 1516 699 pascatur
1545 637 1559 681 :
1590 638 1704 678 non
1734 637 1883 697 opus
1915 627 2001 679 est
2030 618 2090 678 ad

2222 637 2439 678 σκοντες
2482 619 2601 695 περὶ
2668 625 2761 673 τοῦ
2820 615 3014 697 ὄχλου,
3076 618 3166 674 ’ίνα
3222 618 3581 695 ἀπολυθῶσιν,
3656 620 3877 678 ἐνταῦθα

496 712 1069 777 mirari.\‘erisiniile
1091 712 1250 772 enim
1275 720 1363 771 est
1386 720 1699 788 utrumque
1729 709 1945 768 factum
1980 727 2090 770 ess:

2221 701 2273 759 δὲ
2321 706 2473 768 αὗτὸς
2533 708 2560 761 ὁ
2611 703 2817 773 Ἰησοῦς
2848 707 3039 783 ἐρωτᾷ,
3072 710 3231 765 πόθεν
3276 706 3626 790 διατρεφεῖεν,
3671 712 3731 766 οὗ
3761 712 3875 790 χρὴ

483 814 541 864 et
569 804 888 883 discipulos
935 801 1095 883 prius
1121 798 1506 862 admonuisse
1541 796 1863 859 Dominum
1903 797 1977 858 de
2004 806 2090 860 tur

2218 795 2523 879 θαυμάζειν,
2613 797 2767 859 Εἰκὸς
2847 798 2946 875 γάρ
3029 796 3169 854 ἐστιν
3249 797 3522 879 ἀμφότερα
3606 799 3870 880 γενέσθαι,

490 892 580 954 bis
610 892 1001 965 dimittendis,
1038 900 1097 950 et
1142 898 1280 951 tunc
1314 888 1649 967 Philippum
1702 886 2090 960 interrogatur

2215 885 2300 939 καὶ
2356 887 2459 938 τῶν
2533 888 2783 958 μαθητῶν
2840 884 3095 965 πρότερον
3150 888 3572 963 ὑπομνησάντων
3618 890 3707 944 τὸν
3772 888 3872 947 Κύ-

2213 994 2325 1051 ριον
2369 974 2486 1051 περὶ
2541 981 2634 1030 τοῦ
2691 974 3018 1042 ἀπολυθῆναι
3076 978 3198 1040 τοὺς
3255 976 3478 1057 ὄχλους,
3539 977 3869 1055 ἐρωτηθῆναι

2216 1063 2301 1117 τὸν
2360 1062 2628 1119 Φίλιππον
2696 1065 2798 1120 ὑπὸ
2856 1072 2949 1121 τοῦ
3013 1067 3222 1144 Κδρίου,
3268 1066 3427 1122 πόθεν
3472 1064 3865 1146 διατραφήσον-

2207 1172 2319 1214 ται.

566 1254 743 1312 Vens.
773 1248 975 1311 10-13.
1011 1270 1037 1305 α
1073 1245 1229 1306 Dixit
1258 1254 1449 1305 autem
1472 1244 1643 1306 Jesus
1679 1262 1691 1304 :
1720 1245 1913 1305 Facite
1934 1252 1996 1303 ut
2025 1244 2090 1304 ha

2294 1267 2317 1295 ιι
2357 1244 2495 1300 Eine
2554 1244 2609 1301 δὲ
2654 1247 2682 1301 ὸ
2744 1243 2949 1311 Ἰησοῦς
2987 1263 3000 1279 ⁶

484 1344 675 1405 mines
705 1337 1246 1400 discumbant.Erat
1275 1344 1469 1396 autem
1497 1353 1739 1413 gramen
1774 1333 2024 1394 multum
2062 1332 2090 1391 il

2206 1330 2516 1392 ἀναπεσεῖν.
2555 1323 2653 1391 Ἠν
2685 1333 2739 1391 δὲ
2769 1336 2967 1415 χόρτος
3003 1334 3169 1397 πολὺς
3202 1334 3257 1390 ἐν
3286 1342 3362 1409 τῷ
3412 1335 3585 1410 τόπῳ.
3633 1333 3863 1391 Ἀνέπε-

482 1428 1319 1503 eoloco.Discubueruntergo
1348 1424 1453 1484 viri
1478 1442 1725 1484 numero
1741 1424 1928 1484 ferme
1942 1420 2082 1502 quin

2204 1442 2297 1477 σον
2354 1422 2442 1478 οὖν
2498 1426 2545 1481 οἱ
2604 1423 2783 1504 ἄνδρες
2840 1427 2929 1480 τὸν
2984 1423 3204 1500 ἀριθμὸν
3253 1425 3380 1480 ὡσεὶ
3409 1422 3863 1504 πεντακισχίλιοι,

477 1521 649 1602 quics
679 1519 864 1580 mille.
894 1514 1142 1595 Accepit
1167 1524 1362 1576 autem
1415 1532 1600 1592 panes
1636 1515 1827 1586 Jesus,
1865 1530 2090 1591 cumqui

2204 1508 2423 1567 ’Ἔλαϐε
2467 1512 2521 1569 δὲ
2574 1514 2694 1578 τοὺς
2738 1513 2926 1591 ἄρτους
2977 1516 3005 1568 ὁ
3059 1512 3290 1588 Ἰησοῦς,
3322 1513 3409 1569 καὶ
3440 1515 3861 1594 εὐχαριστήσας,

476 1596 696 1689 ἐτειίεε
718 1607 963 1689 egisset,
988 1603 1287 1665 distribuit
1307 1603 1643 1682 discipulis;
1660 1602 1935 1681 discipuli
1952 1619 2090 1663 vero

2203 1596 2418 1656 διέδωκε
2472 1615 2590 1667 τοϊς
2663 1606 2959 1679 μαθηταῖς,
3013 1602 3060 1658 οἱ
3115 1599 3168 1657 δὲ
3214 1604 3446 1677 μαθηταὶ
3487 1596 3604 1667 τοῖς
3648 1602 3832 1659 ἀνακει

478 1686 1008 1760 diswmbéntibus.
1046 1692 1332 1789 Similiter
1354 1699 1414 1755 et
1434 1712 1500 1753 ex
1531 1691 1794 1789 piscious
1832 1700 2090 1789 quantun

2177 1686 2385 1787 ’μένοις
2418 1704 2432 1719 ⁶
2495 1692 2690 1765 ὁμοίως
2741 1694 2830 1747 καὶ
2894 1691 2953 1746 ἐκ
2996 1697 3101 1746 τῶν
3170 1691 3405 1770 ὀψαρίων
3463 1690 3587 1747 ὅσον
3644 1689 3860 1759 ἤθελον.

479 1784 853 1849 volebant.Ut
871 1794 1063 1845 autem
1078 1782 1307 1861 impleti
1324 1768 1635 1857 sunt,dicit
1649 1768 1960 1861 discipulis
1974 1780 2090 1840 suis

2177 1768 2299 1842 ’Ὧς
2358 1776 2412 1833 δὲ
2455 1779 2881 1855 ἒκεπλήσθησαν,
2943 1778 3088 1857 λέγει
3145 1768 3291 1844 τοῖς
3334 1784 3602 1855 μαθηταῖς
3647 1782 3804 1837 αὐτοῦ
3842 1798 3856 1809 ·

476 1876 748 1954 Colligite
776 1893 906 1955 quae
930 1873 1353 1953 superfuerunt
1374 1872 1720 1950 fragmenta,
1748 1890 1823 1933 ne
1845 1870 1984 1951 quid
2011 1888 2090 1950 pel

2204 1869 2538 1947 Συναγάγετε
2621 1871 2689 1926 τὰ
2758 1871 3163 1947 περιττεύσαντα
3234 1868 3537 1950 κλάσματα,
3612 1869 3703 1925 ἵνα
3774 1872 3857 1945 μή

472 1964 1005 2042 reat.Collegerunt
1025 1970 1253 2038 cremet
1284 1959 2010 2040 impleveruntduodecim
2028 1977 2090 2019 co

2201 1976 2253 2010 τι
2310 1956 2601 2025 ἀπόληται.
2650 1960 2960 2037 Συνήγαγον
3026 1957 3138 2033 οὖν,
3196 1960 3283 2014 καὶ
3336 1956 3595 2037 ἑγάμισαν
3650 1956 3885 2015 δώδεκα

475 2057 688 2135 phines
720 2054 1186 2130 fragmentorum
1213 2069 1280 2111 ex
1300 2051 1564 2131 quinque
1589 2049 1840 2130 panibus
1861 2048 2085 2110 hordea

2202 2046 2445 2124 κοφίνους
2520 2048 2846 2124 κλασμάτων
2926 2048 2986 2105 ἐκ
3086 2055 3190 2104 τῶν
3277 2049 3433 2104 πέντε
3503 2048 3674 2128 ἄρτων
3743 2047 3856 2104 τῶν

473 2128 770 2223 causante
790 2128 1207 2221 superfuerant
1226 2128 1439 2220 his—qui
1464 2128 1909 2209 com—ederant.»
1936 2137 2090 2198 Jussi

2197 2136 2461 2216 κριθίνων,
2535 2136 2567 2192 ἃ
2650 2138 2983 2216 ἐπερίσσευσε
3055 2150 3172 2200 τοῖς
3250 2132 3598 2216 βεϐρωκόσιν,
3660 2160 3689 2192 ι
3756 2128 3854 2201 ἐὶς

487 1003 619 1048 esse
639 1002 673 1045 a
702 982 950 1043 Domino
976 980 1133 1040 unde
1153 979 1407 1039 alantur.

3057 1244 3333 1313 Ποιήσατε
3392 1245 3509 1307 τούς
3559 1246 3866 1311 ἀνθρώπους

468 2252 570 2295 eos
589 2233 785 2293 facere
815 2229 1389 2309 discumbere,quasi
1415 2238 1609 2309 parata
1661 2247 1882 2290 mensa.
1920 2227 2090 2289 Discit

2198 2224 2410 2300 ἑτοίμου
2495 2232 2592 2294 τῆς
2677 2228 2942 2307 τραπέζης
3021 2226 3207 2300 οῧσης,
3307 2224 3578 2282 ἐκελωσεν
3662 2228 3854 2292 αὐτοὺς

2200 2314 2386 2379 εὐθέως
2452 2316 2763 2376 ἀναπεσεῖν.
2823 2320 2883 2374 Οἱ
2941 2315 2995 2371 δὲ
3050 2317 3304 2396 μαθηταὶ,
3360 2317 3531 2372 καίτοι
3593 2316 3851 2394 πρότερον

2194 2401 2564 2479 ἀπιστοῦντες,
2642 2405 2801 2485 ,ὅμως
2910 2407 3191 2485 προθύμως
3278 2402 3646 2485 κατακλίνουσι
3720 2407 3847 2470 τοὺς

2194 2490 2518 2571 ἀνθρώπους.
2568 2517 2595 2551 ι
2633 2480 2729 2551 Ἠν
2779 2493 2833 2550 δὲ
2881 2480 3101 2575 χόρτος,
3139 2515 3167 2553 ι
3204 2495 3355 2573 ’έαρος
3386 2493 3559 2557 ὄντος,
3591 2480 3687 2549 Ἦν
3716 2496 3841 2573 γὰρ,

2190 2584 2345 2663 φησὶ,
2405 2584 2466 2639 τὸ
2514 2584 2708 2665 Πάσχα
2741 2602 2756 2617 ⁶
2817 2592 2973 2641 τοῦτο
3003 2582 3058 2639 δὲ
3108 2584 3161 2639 ἐν
3212 2592 3289 2658 τῷ
3331 2584 3525 2661 πρώτῳ
3555 2586 3647 2640 τοῦ
3689 2582 3843 2663 ἔαρος

2193 2672 2324 2745 μηνὶ
2378 2671 2640 2736 ἐτελεῖτο.
2703 2675 2869 2731 Μόνοι
2911 2671 2965 2728 δὲ
2997 2675 3044 2731 οἱ
3088 2671 3267 2753 ἄνδρες
3310 2674 3644 2752 ἀριθμοῦνται
3698 2675 3843 2752 παρὰ

2192 2767 2285 2816 τοῦ
2336 2762 2734 2840 εὐαγγελιστοῦ,
2783 2768 2851 2839 τῇ
2900 2770 3096 2839 νομικῂ
3127 2765 3372 2834 συνηθείᾳ
3401 2761 3838 2827 ἀκολουθοῦντος,

2193 2848 2291 2904 Καὶ
2342 2851 2442 2928 γὰρ
2500 2853 2587 2907 καὶ
2644 2855 2843 2920 Μωσής
2892 2852 2997 2908 ἀπὸ
3053 2853 3386 2914 είκοσαετοῦς
3445 2853 3534 2908 καὶ
3591 2852 3837 2926 ἀνωτέρω

2180 2938 2444 3015 ἠρίθμησε
2502 2942 2595 2997 τὸν
2651 2939 2808 3022 λαὸν,
2867 2938 3117 3016 μηδόλως
3202 2942 3573 3017 μνημονεύσας
3644 2965 3833 3021 γυναι-

2179 3032 2288 3082 κῶν
2322 3042 2337 3058 ⁸
2403 3025 2689 3096 δηλοῦντος
2740 3033 2830 3087 τοῦ
2884 3028 3069 3110 λόγου,
3129 3030 3211 3087 ὅτι
3267 3038 3372 3087 πᾶν
3423 3029 3546 3086 ὅσον
3576 3028 3839 3110 ἀνδρῶδες

2182 3119 2271 3173 καὶ
2330 3122 2592 3201 νεανικὸν,
2664 3122 2861 3201 τίμιον,
2916 3122 3004 3176 καὶ
3058 3119 3199 3186 ἄξιον
3244 3121 3461 3201 ἀριθμοῦ
3502 3124 3647 3199 παρά
3690 3128 3833 3197 Θεῷ.

2182 3205 2374 3263 Λαϐὼν
2434 3206 2489 3265 δὲ
2537 3210 2659 3274 τοὺς
2704 3210 2890 3290 ἄρτους
2940 3212 3277 3290 εὐχαριστεῖ,
3323 3208 3553 3291 δεικνὺς,
3596 3212 3675 3267 ὃτι
3729 3214 3834 3290 πρὸ

2180 3303 2378 3377 τροφῆς
2439 3300 2777 3379 εὐχαριστεῖν
2836 3297 2919 3355 δεῖ
2960 3306 3038 3374 τῷ
3075 3306 3211 3374 Θεῷ⁶
3272 3299 3385 3375 ἅμα
3426 3297 3481 3354 δὲ
3529 3301 3617 3357 καὶ
3645 3298 3834 3371 ἐπειδὴ

2180 3384 2347 3466 ὄχλος
2405 3388 2495 3469 ἦν,
2548 3386 2632 3447 διὰ
2690 3395 2845 3446 τοῦτο
2904 3390 3217 3468 εὐχαριστεῖ
3257 3386 3481 3445 ἐνώπιον
3509 3391 3600 3445 τοῦ
3628 3386 3851 3471 ὄχλου,

2180 3474 2272 3531 ἵνα
2324 3481 2584 3534 πεισθῶσι
2636 3479 2854 3560 πάντες,
2899 3477 2978 3534 ὅτι
3026 3480 3163 3535 κατὰ
3215 3477 3434 3557 γνώμην
3504 3486 3636 3536 Θεοῦ
3676 3503 3827 3560 παρ-

2180 3565 2419 3646 εγένετο,
2448 3569 2537 3623 καὶ
2565 3569 2638 3633 ὡς
2670 3569 2765 3624 οὐκ
2813 3566 2955 3625 ἔστιν
3011 3567 3268 3643 ἀντίθεος,
3309 3567 3446 3625 ἀλλὰ
3474 3569 3646 3626 πάντα
3688 3575 3823 3649 πρὸς

2175 3657 2267 3712 τὸν
2343 3660 2549 3735 Πατέρα
2609 3656 2875 3737 ἀναφέρει.
2949 3656 3078 3715 Ὅτε
3142 3657 3240 3732 μὲν
3298 3658 3396 3736 γὰρ
3459 3659 3596 3714 κατὰ
3652 3659 3822 3735 μόνας

2175 3758 2324 3801 ποιεῖ
2382 3759 2610 3822 σημεῖα,
2673 3746 2817 3803 οὐδὲν
2874 3755 3110 3805 τοιοῦτον
3167 3759 3337 3823 ποιεῖ,
3414 3747 3582 3803 καίτοι
3654 3750 3824 3824 μείζω

2174 3833 2342 3891 τελῶν
2378 3854 2391 3868 ·
2443 3836 2570 3893 ὅταν
2626 3834 2681 3892 δὲ
2728 3837 2954 3893 ἐνώπιον
2995 3835 3211 3896 πολλῶν
3253 3839 3644 3915 θαυματουργῇ,
3698 3838 3822 3894 τότε
3847 3896 3859 3901 ,

2173 3924 2305 4002 πρὸς
2363 3926 2454 3981 τὸν
2540 3927 2671 3983 Θεὸν
2726 3923 3034 3989 ἀναϐλέπει,
3120 3926 3360 3981 Δείκνυσι
3438 3921 3522 4006 δὲ,
3587 3924 3667 3982 ὀίτι
3723 3916 3853 3983 σῦκ’

2172 4012 2408 4086 ἀσθενείᾳ
2451 4021 2604 4071 τοῦτο
2644 4017 2820 4094 ποιεῖ,
2876 4013 3012 4070 ἀλλά
3065 4012 3129 4070 δι’
3173 4015 3502 4095 οἰκονομίαν,
3543 4015 3608 4084 ἢν
3660 4015 3821 4073 εἴπο-

2172 4123 2297 4177 μεν,
2350 4105 2412 4159 ἒκ
2472 4113 2565 4164 τοῦ
2618 4105 2685 4162 τὰ
2733 4112 2946 4180 μείζονα
3002 4102 3322 4169 δεσποτικῶς
3364 4105 3453 4160 καὶ
3501 4105 3837 4171 αὐθεντικῶς·

2167 4205 2367 4251 ποιεῖν.
2404 4192 2624 4271 Λέγουσι
2681 4190 2737 4249 δέ
2773 4215 2911 4258 τινες
2942 4191 3028 4249 διὰ
3072 4202 3228 4252 τοῦτο
3260 4192 3416 4250 αὐτὸν
3448 4193 3815 4274 εὐχαριστεῖν,

2166 4278 2259 4337 ἵνα
2302 4279 2462 4358 λάθῃ,
2494 4284 2584 4338 τὸν
2627 4291 2720 4342 τοῦ
2765 4282 2969 4357 κόσμου
2997 4280 3235 4363 ἄρχοντα
3283 4274 3413 4362 ἔχρι
3440 4286 3536 4340 καί
3567 4290 3659 4341 τοῦ
3688 4306 3817 4341 και-

466 2324 584 2403 puli
607 2331 802 2384 autem
828 2321 1096 2402 quamvis
1130 2320 1294 2397 prius
1344 2319 1662 2391 increduli,
1698 2327 1952 2379 attamen
1984 2317 2110 2377 ala-

464 2412 645 2474 criter
659 2410 1015 2473 recumbere
1029 2409 1537 2471 faciuntliomines
1575 2433 1599 2462 α
1615 2409 1754 2469 Erat
1774 2425 1845 2467 an
1855 2414 1969 2467 tem
1982 2424 2108 2483 gra-

465 2498 958 2572 men.»Quoniam
990 2516 1092 2559 ver
1122 2506 1245 2557 erat
1266 2514 1278 2555 :
1301 2506 1429 2558 erat
1450 2495 2106 2576 enim,inquit,l’ascha,

461 2589 618 2670 quod
654 2590 709 2649 in
746 2589 934 2668 primo
968 2605 1172 2647 mense
1226 2586 1378 2646 veris
1426 2585 1846 2666 perﬁciebatur
1924 2588 2107 2646 Porro

462 2678 571 2739 soli
604 2678 709 2738 viri
746 2684 1134 2737 numerantur
1152 2674 1225 2735 ab
1250 2674 2109 2755 evangelista,quilegissequi-

462 2776 560 2828 tur
578 2763 1344 2828 consuetudinemEtenim
1366 2772 1423 2827 et
1441 2767 1633 2825 Moses
1655 2784 1685 2824 a
1711 2762 1992 2842 vigesimo
2011 2782 2110 2823 an-

460 2874 538 2917 no
570 2866 629 2919 et
656 2875 834 2936 supra
869 2855 1194 2916 numeravit
1249 2854 1556 2934 populum,
1611 2855 1768 2915 nulla
1806 2854 2106 2915 mentione

460 2950 611 3009 facta
642 2947 960 3007 mulierum
999 2966 1011 3007 :
1045 2964 1161 3024 quo
1190 2945 1436 3007 docetur
1463 2962 1640 3005 omne
1661 2945 1814 3023 quod
1847 2942 2013 3005 virile
2043 2952 2099 3004 et

448 3036 716 3114 juvenile
748 3044 857 3108 est,
896 3035 1137 3115 dignum
1170 3034 1403 3095 censeri
1456 3042 1520 3094 ut
1562 3040 1911 3095 numeretur
1940 3032 2091 3113 apud

455 3122 665 3187 Deum.
700 3124 771 3185 Et
792 3122 1050 3202 acceptis
1082 3124 1330 3203 panibus
1367 3124 1582 3201 gratias
1611 3122 1751 3201 agit,
1774 3123 2096 3183 ostendens

454 3215 610 3294 quod
646 3223 782 3275 ante
812 3213 1010 3274 cibum
1040 3212 1242 3290 gratiae
1264 3212 1507 3291 agendae
1531 3211 1647 3273 sint
1673 3211 1815 3274 Deo.
1852 3210 2102 3291 Insuper

455 3305 589 3383 quia
618 3302 792 3365 turba
804 3301 1082 3369 erat,ideo
1104 3319 1301 3362 coram
1328 3301 1498 3362 turba
1520 3304 1731 3378 gratias
1747 3302 1955 3380 agit,ut
1976 3320 2098 3362 om-

452 3392 632 3455 nibus
665 3392 1017 3472 persuadeat
1040 3390 1193 3469 quod
1242 3391 1569 3453 secundum
1605 3392 1960 3452 voluntatem
1990 3390 2100 3452 Dei

450 3481 841 3553 advenerit,et
872 3482 1025 3561 quod
1052 3499 1167 3541 non
1194 3480 1267 3542 sit
1293 3480 1663 3541 adversarius
1686 3479 1940 3554 Deo,sed
1964 3499 2096 3541 om-

453 3572 549 3631 nia
578 3572 795 3631 referat
816 3570 874 3629 in
908 3567 1163 3631 Patrem.
1199 3568 1342 3630 Nam
1369 3569 1605 3648 quando
1643 3589 1908 3630 seorsum
1959 3569 2097 3629 facit

450 3657 975 3738 miraculum,nihil
1006 3656 1121 3717 tale
1142 3656 1544 3732 facit,etiamsi
1580 3660 1765 3734 majus
1795 3658 2091 3737 quoddam

448 3746 886 3827 faciatquando
903 3754 1095 3807 autem
1128 3765 1325 3807 coram
1358 3747 1562 3807 multis
1585 3748 1933 3809 miraculum
1953 3767 2088 3829 ope-

447 3844 778 3915 ratur,tunc
808 3835 879 3895 ad
913 3834 1097 3896 Deum
1123 3836 1389 3916 respicit.
1409 3837 1686 3898 OStendit
1716 3848 1911 3898 autem
1935 3837 2088 3917 quod

446 3943 564 3985 non
596 3944 663 3985 ex
694 3923 1040 3985 infirmitate
1076 3925 1420 4000 hoc'faciat,
1446 3926 1549 3987 sed
1576 3932 1819 4006 propter
1843 3925 2089 4005 dispen-

444 4013 734 4074 sationem
758 4032 930 4092 quam
955 4012 1233 4084 diximus,
1259 4033 1327 4075 ex
1361 4032 1432 4075 eo
1465 4015 1622 4095 quod
1665 4018 1892 4095 majora
1919 4015 2093 4079 faciat

444 4102 794 4163 auctoritate
822 4103 1102 4182 quadam,
1136 4112 1195 4164 et
1221 4111 1497 4184 tanquam
1533 4103 1841 4167 Dominus.
1875 4102 2088 4167 Dicunt

441 4193 686 4271 insuper
733 4192 973 4268 quidam
1010 4192 1165 4272 quod
1219 4193 1394 4254 etiam
1457 4201 1698 4273 propter
1730 4194 1841 4255 hoc
1867 4194 2086 4272 gratias

441 4281 721 4357 egerit,ut
747 4282 1130 4357 ignoraretur
1159 4282 1488 4363 aprincipe
1528 4284 1732 4345 mundi
1774 4302 1962 4364 usque
2011 4285 2081 4345 ad

2198 2224 2410 2300 ἑτοίμου
2495 2232 2592 2294 τῆς
2677 2228 2942 2307 τραπέζης
3021 2226 3207 2300 οὔσης,

439 4378 673 4450 tempus
696 4369 1076 4450 passionis,et
1096 4390 1163 4432 ex
1189 4372 1300 4432 hoc
1314 4372 1547 4432 daemon
1563 4392 1678 4433 non
1701 4382 2090 4452 cognosceret

2177 4376 2260 4447 ροῦ
2306 4370 2398 4426 τοῦ
2440 4371 2657 4444 πάθους,
2716 4373 2804 4428 καὶ
2862 4372 2943 4448 μὴ
2995 4374 3228 4429 ἑντεῦθεν
3297 4369 3401 4439 ἤδη
3458 4366 3661 4440 οἰηθείη
3724 4373 3818 4429 αῦ-

438 4459 626 4538 ipsum
660 4476 792 4519 esse
828 4460 1038 4534 Deum,
1066 4459 1171 4519 sed
1194 4459 1667 4540 deciperetur.et
1694 4466 2081 4539 inescaretur,

2177 4459 2258 4515 τὺν
2317 4462 2470 4537 Θεὸν,
2530 4458 2651 4517 ἀλλ’
2709 4460 2986 4541 ἀπατηθῇ,
3036 4463 3122 4517 καὶ
3193 4457 3475 4537 δελεασθῇ,
3530 4463 3618 4518 καὶ
3676 4460 3815 4519 οὕτω

436 4556 612 4627 atque
628 4546 839 4626 sicper
854 4566 1091 4608 crucem
1108 4549 1519 4611 conﬁceretur.
1532 4551 1821 4612 Caeterum
1843 4551 2083 4630 permit-

438 4634 507 4695 tit
526 4635 814 4697 Dominus
842 4644 904 4697 ut
932 4638 1231 4715 supersint
1251 4646 1331 4698 tot
1352 4637 1823 4719 fragmentamon
1842 4647 2084 4720 propter

434 4725 1094 4798 ostentationemmbsit:
1119 4726 1221 4786 sed
1249 4744 1327 4788 ne
1344 4727 1621 4789 credatur
1656 4748 1762 4809 per
1792 4729 2073 4808 phantas-

378 4888 386 4897 ι
434 4823 590 4875 mata
618 4813 857 4875 satiatos
887 4832 1019 4876 esse
1060 4815 1356 4889 homines,
1387 4826 1668 4897 appareat
1713 4828 1906 4880 autem
1934 4819 2074 4880 584

432 4903 712 4965 omnibus
734 4904 888 4984 quod
918 4921 1062 4966 vere
1090 4904 1278 4967 satiati
1315 4906 1553 4979 fuerint,
1592 4908 2072 4988 quandoquidem

430 4999 513 5052 tot
542 4992 776 5053 residua
811 4992 1030 5055 fuerint
1064 5002 1284 5074 :atque
1335 5003 1575 5075 propter
1625 4996 1778 5057 hanc
1836 5016 2072 5059 causam

422 5081 600 5160 jussit
628 5081 805 5143 etiam
841 5081 1166 5161 fragmenta
1191 5083 1485 5165 colligi,ut
1509 5084 1784 5147 videntes
1801 5087 2071 5158 ea,mira—

429 5172 543 5233 culi
567 5170 703 5232 facti
728 5171 910 5250 magis
932 5182 1128 5233 essent
1157 5171 1937 5253 memoresOportetantem
1958 5196 2076 5237 non

430 5260 623 5327 solum
666 5261 868 5322 mirari
917 5261 1072 5340 quod
1106 5261 1530 5342 superfuerint,
1561 5263 1664 5327 sed
1712 5263 1886 5326 etiam
1919 5265 2075 5345 quod

429 5366 545 5411 non
563 5348 765 5430 plures
782 5366 974 5430 neque
999 5367 1512 5433 paucmres,quam
1530 5351 1631 5433 qui
1649 5371 1897 5415 numero
1914 5372 2082 5434 pares

2166 4545 2251 4605 διὰ
2308 4556 2403 4606 τοῦ
2456 4550 2679 4629 σταυροῦ
2722 4552 3025 4630 νεκρωθείη.
3092 4558 3396 4634 Συγχωρετλ
3428 4542 3484 4606 δὲ
3537 4553 3564 4607 ὃ
3620 4544 3840 4634 Κύριος.

2163 4647 2509 4717 περισσεῦσαν
2564 4638 2692 4721 (23)
2758 4641 2880 4706 τοὺς
2958 4638 3167 4719 ἄρτους,
3255 4639 3314 4697 οὒ
3378 4632 3448 4694 δι’
3501 4638 3744 4708 ὶπίδειξιν
3793 4660 3809 4678 ⁶

2163 4726 2385 4806 ἅπαγεῐ
2447 4726 2566 4784 ἀλλ’
2627 4729 2765 4785 ὥστε
2808 4730 2886 4804 μὴ
2927 4730 3189 4808 φαντασίᾳ
3244 4731 3556 4805 νομισθῆναι
3609 4733 3669 4787 τὸ
3723 4724 3812 4787 κο.

2157 4822 2404 4896 ρεσθῆναι
2460 4818 2582 4880 τοὺς
2622 4818 2950 4898 ἀνθρώπους,
3023 4816 3162 4874 ἀλλά
3205 4823 3335 4874 πᾶσι
3412 4823 3667 4900 φανῆναι,
3724 4821 3813 4879 ὄτι

2156 4913 2405 4964 τοσοῦτον
2434 4906 2647 4974 ἀληθῶς
2676 4908 3054 4987 ὶκορὲσθησαν,
3108 4908 3245 4965 ὥστε
3296 4910 3384 4966 καὶ
3438 4910 3812 4987 ἒπερίσσευσαν

2158 4999 2387 5054 τοσαῦτα
2419 5014 2435 5031 ⁸
2471 4996 2555 5053 διὰ
2598 4998 2795 5065 ταύτην
2852 4994 2907 5052 δὲ
2951 4998 3047 5064 τὴν
3098 4997 3265 5054 αἰτίαν
3318 4999 3499 5055 καὶτὰ
3528 4998 3811 5077 κλάσματα

2158 5086 2363 5145 κελεύει
2419 5088 2772 5169 συναχθῆναι,
2809 5085 2904 5143 ἵνα
2947 5086 3172 5167 ὁρῶντες
3213 5094 3401 5162 ταῦτα,
3460 5095 3551 5145 τοῦ
3581 5091 3809 5170 γεγονό-

2157 5198 2250 5242 τος
2306 5179 2817 5254 ἀναμιμνήσκωνται
2876 5178 3143 5253 θαύματος
3202 5176 3287 5234 ἐπὶ
3355 5175 3537 5238 πλέον,
3588 5183 3705 5260 Χρὴ
3754 5180 3811 5241 δὲ

2164 5270 2223 5327 οὺ
2266 5268 2429 5345 μόνον
2470 5269 2756 5344 θαυμάσαι,
2801 5267 2879 5325 ὀίτι
2929 5267 3322 5347 ἐπερίσσευσαν,
3376 5265 3513 5323 ἀλλὰ
3555 5272 3666 5346 καὶ,
3711 5273 3809 5341 τὴν

2163 5355 2430 5438 ἀκριϐειαν
2490 5365 2582 5414 τοῦ
2637 5361 3081 5437 περισσεύματος,
3130 5356 3209 5414 ὅτι
3268 5357 3386 5416 οὔτε
3416 5357 3630 5435 πλεῖον,
3688 5363 3807 5423 οὔτι

1507 5512 1585 5577 Ex
1616 5513 1929 5578 collatione
1947 5518 2126 5584 codd.
2159 5517 2376 5584 Venet.
2407 5518 2471 5580 S.
2505 5517 2711 5581 Marci.

506 5640 630 5799 t2?)
659 5637 806 5702 Cod.
842 5638 945 5721 31,
977 5643 1047 5699 Τὸ
1078 5644 1203 5701 αὒτό
1234 5644 1343 5700 ἐστι
1374 5652 1451 5719 τῷ
1477 5646 1617 5726 παρὰ
1642 5652 1719 5721 τῷ
1749 5650 1997 5725 Ματθαίφ
2031 5671 2049 5728 ;
2079 5653 2319 5732 Λέγομεν
2349 5655 2461 5731 οὗν,
2493 5652 2571 5711 ὅτι
2601 5654 2688 5709 καὶ
2716 5654 2777 5709 τὸ
2809 5652 2935 5710 αὑτό
2965 5650 3125 5710 ἔστιν.

530 5718 635 5798 33)
667 5716 816 5779 lum
848 5718 982 5781 cod.
992 5764 1009 5796 ,
1043 5725 1385 5799 Περισσεῦσαι
1414 5732 1643 5782 τοσαῦτα
1664 5726 1974 5799 κλάσματα,

667 5716 816 5779 lum
848 5716 982 5781 coit.
992 5764 1009 5796 ,
1043 5725 1385 5799 Περισσεῦσαι
1414 5716 1643 5782 τοσαῦτα
1664 5716 1974 5805 κλάσματα,
