4116 6318
278 397 434 463 1289

979 399 1423 464 ENARRATIO
1467 400 1550 462 IN
1594 396 2103 463 EVANGELIUM
2147 399 2489 463 JOANNIS.
2540 435 2614 449 -
2643 402 2807 465 CAP.
2855 406 2963 467 VI.

3522 407 3545 469 1
3559 407 3676 475 290

281 533 522 605 ἔλαττον,
578 534 699 592 ἀλλ’
757 536 1056 615 ἰσαρίθμους
1114 542 1220 593 τῶν
1277 534 1530 610 μαθητῶν
1599 535 1718 596 τοὺς
1779 533 1931 611 κοφί-

2021 538 2221 592 essent
2272 531 2547 610 discipuli
2605 534 2842 614 cophini
2893 535 3305 617 reliquiarum,
3357 549 3420 601 ut
3461 562 3670 606 omnes

286 646 404 688 νους
448 632 553 682 τῶν
610 625 877 700 λειψάνων
921 626 1164 691 ἰποίησαι
1209 631 1566 704 περιττεῦσαι³
1630 623 1722 678 ’ἕνα
1752 623 1944 684 πάντες

288 715 624 795 βαστῶσωσι,
670 721 759 772 καί
814 713 951 791 μηδὲ
982 717 1010 771 6
1057 713 1254 777 Ἰούδας
1286 713 1504 790 ἄμοιρος
1547 711 1940 790 καταλειφθείη,

285 804 435 862 ἀλλ’,
478 805 584 885 ἔχῃ
640 808 727 862 καὶ
790 812 945 863 τοῦτο
1002 807 1062 860 τὸ
1118 808 1290 879 θαῦμα
1339 802 1597 859 δεικτικὸν
1644 812 1737 860 τοῦ
1801 801 1944 857 εἶναι

288 896 418 950 Θεὸν
461 897 552 951 τὸν
597 895 755 951 αὑτοῦ
797 893 1132 972 διδάσκαλον,
1185 893 1276 951 καὶ
1323 891 1621 972 ὠφεληθείη
1664 891 1768 948 κάκ
1822 891 1943 946 τού-

282 1005 399 1063 του,
461 983 558 1040 κᾶν
601 983 684 1042 διὰ
728 986 827 1052 τὴν
870 989 1029 1043 αὐτοῦ
1065 985 1256 1039 καγίαν
1305 984 1378 1047 εἰς
1437 981 1745 1060 κατάκρισιν
1799 978 1945 1054 μᾶλ-

286 1072 378 1129 λον
438 1073 598 1130 αύτοῦ
649 1080 805 1130 τοῦτο
846 1073 1034 1151 γέγονε
1066 1093 1078 1106 ⁸
1134 1074 1224 1128 τὸν
1269 1073 1368 1150 γὰρ
1397 1077 1626 1127 τοσαῦτα
1668 1070 1946 1141 περιττεύ-

288 1185 430 1238 ματα
488 1165 809 1243 ποιήσαντα,
861 1163 912 1228 ἐξ
954 1165 1029 1218 ὧν
1075 1164 1163 1220 καὶ
1206 1163 1359 1226 αὐτὸς
1406 1164 1621 1239 κόφινον
1664 1157 1942 1232 ἐϐάστασε,

284 1259 466 1309 τοῦτον
515 1251 863 1331 προδέδωκεν.
925 1256 997 1310 Ού
1053 1253 1152 1330 γὰρ
1208 1249 1272 1317 δὴ
1319 1251 1494 1325 μάτην
1538 1263 1655 1314 τοῖς
1705 1247 1945 1304 ἀποστό-

289 1341 407 1407 λοις
463 1340 750 1421 προσέταξε
806 1342 1067 1418 βαστάσαι
1146 1340 1268 1403 τοὺς
1351 1340 1620 1418 κοφίνους,
1681 1336 1801 1392 ἀλλ’
1856 1336 1946 1391 ’ίνα

291 1430 372 1485 ἀεὶ
428 1431 940 1505 ἀναμιμνήσκωνται
1011 1430 1105 1485 τοῦ
1158 1427 1446 1504 θαύματος,
1513 1427 1586 1490 ὡς
1659 1422 1945 1498 μέλλοντες

290 1520 494 1575 ’ἔσεσθαι
553 1517 857 1576 διδάσκαλοι
941 1520 1041 1584 τῆς
1123 1517 1463 1592 οἰκουμένης.
1543 1518 1614 1571 Τὸ
1690 1514 1786 1588 μὲν
1847 1516 1947 1600 γὰρ

292 1606 521 1680 πλῆθος,
584 1605 729 1664 οὐδὲν
802 1608 939 1686 μέγα
981 1605 1206 1682 ἔμελλον
1249 1604 1625 1683 καρπώσασθαι
1661 1617 1674 1632 ⁶
1741 1623 1949 1678 παραυ-

2026 627 2289 714 gustent,
2323 629 2382 682 et
2411 639 2605 714 neque
2633 622 2814 714 ludas
2848 623 2989 714 ipse
3038 645 3248 705 expers
3277 630 3670 714 relinquatur,

2027 709 2130 770 scd
2154 708 2380 772 habens
2425 710 2599 772 etiam
2633 713 2747 772 hoc
2780 713 3128 776 miraculum
3173 718 3329 796 quod
3383 708 3674 784 monstret.

2026 800 2140 862 sibi
2172 803 2359 893 Deum
2395 821 2526 865 esse
2558 804 2924 885 magistrum,
2955 806 3092 866 inde
3112 807 3423 872 utilitatem
3455 814 3668 893 capiat:

2028 892 2291 971 quamvis
2320 892 2494 953 etiam
2530 893 2643 954 hoc
2675 903 2919 974 propter
2948 895 3226 956 malitiam
3271 900 3399 978 ejus
3431 902 3490 962 in
3521 892 3671 965 con-

2027 979 2467 1043 demnationem
2493 982 2677 1062 ipsius
2707 983 3123 1056 cesserit;eum
3160 988 3318 1048 enim
3350 989 3452 1069 qui
3484 1000 3675 1054 tantas

2028 1069 2308 1163 reliquias
2333 1071 2658 1163 iecerat,de
2682 1073 2899 1163 quibus
2923 1083 2980 1134 et
3009 1074 3136 1155 ipse
3169 1077 3487 1156 cophinum
3530 1101 3674 1163 por-

2032 1159 2195 1251 tavit,
2224 1160 2640 1251 prodidit.Non
2658 1161 2818 1223 enim
2844 1181 2971 1223 sme
3003 1182 3179 1225 causa
3208 1159 3675 1251 imperavitapo-

2031 1247 2196 1309 stolis
2229 1259 2290 1310 ut
2312 1250 2603 1330 cophinos
2634 1253 3070 1332 gestarent,sed
3104 1261 3164 1314 ut
3194 1273 3432 1338 semper
3456 1247 3674 1322 memo-

2029 1355 2129 1398 res
2152 1352 2353 1400 essent
2385 1340 2677 1413 miraculi,
2713 1349 2915 1422 utpote
2964 1342 3232 1420 magistri
3275 1346 3438 1409 orbis
3467 1349 3670 1415 futuri.

2029 1425 2176 1487 Nam
2194 1429 2506 1489 multitudo
2522 1428 2760 1519 quidem
2780 1448 2899 1519 non
2919 1449 3195 1519 magnam
3214 1435 3521 1500 utilitatem
3549 1458 3678 1519 per-

2030 1525 2272 1594 ceptura
2305 1518 2662 1590 erat,statim
2695 1517 2853 1578 enim
2887 1518 3348 1585 obliviscebatur
3379 1517 3675 1602 miraculi;

2029 1613 2088 1665 at
2106 1605 2383 1686 discipuli
2400 1626 2518 1667 non
2539 1606 2774 1684 vulgare
2795 1607 3025 1669 lucrum
3045 1608 3184 1670 inde
3207 1612 3468 1674 habituri
3485 1628 3672 1682 erant.

290 1697 410 1754 τίκα
465 1699 565 1776 γὰρ
655 1695 973 1753 ἐπελάθοντο
1046 1704 1139 1753 τοῦ
1207 1694 1489 1769 θαύματος,
1573 1690 1739 1755 οὕτως
1812 1689 1931 1757 ἧσατ

2029 1693 2339 1756 Discamus
2376 1693 2516 1754 item
2551 1713 2621 1755 ex
2653 1695 2764 1755 hoc
2799 1694 3083 1758 miracqu
3141 1716 3215 1758 ne
3265 1703 3675 1780 pusillanimes

292 1787 509 1854 ἀνόητοι
536 1803 550 1818 ⁹
625 1788 671 1843 οἰ
729 1786 783 1842 δὲ
842 1786 1096 1861 μαθηταὶ,
1174 1788 1234 1842 οὖ
1304 1784 1369 1839 τὰ
1424 1781 1657 1862 τυχόντα
1727 1777 1931 1855 ἕμελλο·

2029 1782 2215 1843 simus
2236 1784 2296 1843 in
2314 1783 2600 1862 angustiis
2615 1791 2672 1843 et
2692 1777 3467 1866 paupertate,nequetimidi
3491 1793 3676 1856 simus

289 1874 593 1953 κερδαίνειν.
677 1875 1022 1949 Μανθάνομεν
1079 1872 1133 1928 δὲ
1191 1873 1298 1929 ἀπὸ
1352 1872 1446 1929 τοῦ
1512 1870 1790 1951 γεγονότος
1869 1868 1931 1944 μὶ

2029 1870 2092 1932 in
2146 1872 2550 1953 hospitalitate
2602 1881 2660 1932 et
2718 1875 3163 1951 communione;
3211 1877 3313 1938 sed
3363 1882 3675 1946 credamus

292 1943 652 2044 μικροψυχεῖν
713 1965 764 2019 ὲν
825 1943 946 2025 ταῖς
981 1961 1360 2040 στενοχωρίαις
1413 1943 1764 2031 τῆς-πενίας,
1811 1943 1931 2033 μηδὲ

2031 1961 2188 2040 quod
2223 1943 2397 2022 etiam
2455 1961 2506 2022 si
2563 1980 2746 2021 unum
2809 1971 3031 2023 tantum
3083 1943 3291 2044 panem
3324 1943 3670 2047 habeamus,

287 2051 483 2125 δειλιᾷν
554 2056 686 2132 πρὸς
771 2050 1062 2132 φιλοξενίαν
1143 2053 1230 2107 καὶ
1284 2047 1594 2127 μετάδοσιν,
1653 2046 1791 2106 ἀλλὰ
1849 2070 1931 2104 πι-

2029 2048 2194 2110 illum
2233 2049 2731 2127 multiplicaturus
2764 2050 2857 2126 sit,
2889 2052 2986 2130 qui
3015 2070 3080 2112 ex
3115 2053 3374 2134 quinque
3426 2060 3676 2138 panibus

284 2144 510 2218 στεύειν,
544 2142 624 2199 ὅτι
655 2143 752 2200 κᾶν
803 2140 896 2198 ἕνα
955 2140 1110 2220 ἄρτον
1169 2138 1409 2219 ἔχωμεν,
1460 2137 1722 2204 πληθυνεῖ
1762 2143 1931 2193 τοῦτοη

2030 2146 2253 2200 tantum
2288 2156 2604 2219 superesse
2634 2139 2796 2200 fecit.
2823 2142 2938 2201 Per
2958 2141 3298 2220 allegoriam
3323 2137 3520 2209 autem
3552 2152 3676 2212 Do-

287 2234 315 2288 6
374 2233 440 2289 τά
482 2240 713 2290 τοσαῦτα
772 2238 1103 2310 περιττεῦσαι
1149 2229 1379 2298 ποιήσας
1419 2231 1484 2283 ὲκ
1533 2226 1691 2283 πέντε
1749 2223 1931 2304 ἄρτων,

2029 2225 2225 2317 minus
2252 2227 2486 2317 quando
2510 2227 2682 2287 exivit
2708 2226 3135 2317 Hierosolyma,
3155 2233 3482 2296 secundum
3517 2239 3673 2317 quod

295 2325 422 2380 Κατ’
473 2322 796 2400 ἀλληγορίαν
845 2308 928 2401 δὲ,
990 2319 1078 2376 ὅτε
1135 2318 1482 2398 ἐκπεφοίτηκε
1537 2320 1643 2372 τῶν
1721 2308 1931 2393 Ἰεροσο·

2027 2315 2090 2376 in
2131 2316 2436 2396 prophetis
2490 2317 2713 2377 dictum
2770 2327 2857 2378 est
2875 2315 2925 2359 ³⁷
2962 2337 2976 2380 :
3016 2318 3371 2400 «Dereliqui
3432 2308 3672 2387 domum

283 2410 462 2486 λύμων
519 2415 546 2468 6
607 2412 813 2489 Κύριος,
873 2410 1010 2466 κατὰ
1051 2411 1112 2465 τὸ
1172 2407 1225 2464 ἐν
1283 2408 1579 2486 προφήταις
1644 2405 1931 2483 εἰρημένον1

2027 2424 2246 2486 meam,
2279 2405 2913 2486 reliquihaareditatem
2947 2426 3138 2469 meam
3177 2428 3190 2472 :
3227 2435 3254 2465 ι
3286 2419 3425 2474 tunc
3452 2417 3672 2477 sanein

291 2521 320 2559 ε
365 2499 828 2580 Ἐγκαταλέλοιπα
873 2501 965 2555 τὸν
1023 2498 1176 2555 οἶκόν
1221 2519 1344 2572 μου,
1382 2497 1563 2575 ἀφῆκα
1606 2495 1704 2562 τὴν
1741 2493 1931 2572 κληρο-

2026 2495 2327 2558 Galilaeam
2379 2495 2642 2575 gentium
2694 2497 2870 2571 vadit,
2917 2499 3171 2574 gentiles
3225 2502 3580 2583 suscipiens,
3616 2515 3673 2568 et

283 2591 469 2667 νομίαν
500 2612 623 2664 μου.
662 2610 691 2649 ›
728 2590 848 2645 τότε
909 2586 974 2655 δὴ
1033 2590 1106 2652 εἰς
1153 2587 1252 2654 τὴν
1295 2583 1580 2641 Γαλιλαίαν
1623 2587 1727 2640 τῶν
1784 2583 1931 2640 ἐθνῶν

2027 2584 2198 2646 turba
2247 2584 2430 2646 illlum
2474 2604 2684 2663 magna
2715 2586 3001 2666 sequitur.
3036 2587 3322 2651 Ascendit
3380 2603 3576 2656 autem
3611 2597 3669 2656 in

288 2678 518 2752 ἔπεισιν,
595 2680 714 2744 τοὺς
826 2677 1060 2741 ἑθνικοὺς
1172 2671 1718 2755 προσλαμϐανόμενος
1754 2689 1767 2703 ⁸
1857 2678 1931 2728 καῖ

2028 2683 2314 2749 montem,
2347 2677 2457 2736 hoc
2487 2684 2574 2736 est
2604 2695 2868 2751 crucem,
2906 2685 2967 2738 ut
3009 2680 3080 2740 ad
3141 2698 3204 2741 se
3237 2681 3426 2762 rapiat
3459 2705 3670 2750 omnes

290 2767 457 2849 ὄχλος
515 2771 658 2843 αύτῷ
713 2768 877 2830 πολὺς
909 2766 1213 2828 ἀκολουθεῖ,
1263 2763 1488 2820 ’¹Λνεισι
1521 2761 1575 2818 δὲ
1607 2765 1679 2826 εἰς
1708 2764 1768 2818 τὸ
1799 2760 1931 2840 ὅρος,

2025 2766 2116 2826 vel
2145 2765 2205 2824 in
2241 2763 2561 2853 cmlum,ad
2593 2765 2881 2828 honorem
2915 2775 2972 2828 et
3003 2760 3377 2846 gloriamDeo
3404 2773 3665 2853 dignam.

285 2858 402 2925 ἤτοι
491 2859 564 2919 εἷς
633 2859 724 2913 τὸν
802 2859 1045 2936 σταυρὸν,
1135 2855 1227 2910 ἵνα
1295 2859 1495 2916 πάντας
1555 2850 1750 2926 ἐλκύσῃ
1811 2853 1931 2929 πρὸς

2026 2854 2098 2915 Ut
2126 2852 2616 2942 enimiascendit
2657 2853 2718 2913 in
2749 2855 2932 2916 caelos
2962 2863 3019 2915 et
3049 2857 3368 2934 gloriﬁcari
3423 2850 3601 2942 cmpit
3638 2885 3671 2925 a

290 2949 496 3027 ἑαυτὸν,
554 2947 589 3014 ἢ
648 2949 720 3011 εἰς
780 2948 873 3001 τὸν
931 2946 1169 3022 οὐρανὸν,
1230 2944 1300 3007 εἰς
1376 2942 1475 3008 τὴν
1528 2940 1794 3017 θεοπρεπῆ
1853 2962 1931 2995 τι-

2026 2943 2198 3004 nobis
2219 2949 2282 3002 ut
2303 2941 2483 3014 Deus,
2519 2949 2576 3000 et
2607 2959 2724 3000 non
2757 2943 3034 3004 utnudus
3075 2945 3278 3020 homo,
3314 2948 3372 3006 in
3407 2940 3669 3014 montem

288 3038 395 3111 μὴν
451 3037 539 3092 καὶ
596 3034 771 3099 δόξαν.
847 3031 1193 3112 Ἀναληφθεὶς
1272 3032 1372 3109 γὰρ
1429 3031 1500 3094 εἰς
1570 3031 1807 3107 οὐρανὸν,
1854 3030 1931 3084 καί

2023 3028 2648 3122 ειεοεηείὶεεεᾳᾱίοὶῐιιτ.
2684 3027 2970 3122 Sublimis
3001 3032 3162 3122 enim
3192 3033 3266 3094 de
3299 3035 3402 3097 illo
3437 3039 3668 3122 opinio,

285 3129 358 3189 ὡς
419 3126 548 3188 Θεὸς
598 3123 730 3201 παρ’
805 3125 960 3198 ἡμῶν
1045 3120 1419 3198 δοξαζόμενος,
1491 3120 1579 3175 καὶ
1647 3120 1726 3193 μὴ
1786 3117 1931 3192 ψιλὸς

2024 3138 2195 3180 mons
2229 3128 2338 3180 est.
2375 3119 2484 3180 Dat
2513 3127 2712 3178 autem
2762 3118 2958 3190 nobis,
2994 3121 3333 3202 quicunque
3393 3117 3670 3192 sensibus

287 3212 586 3291 ἅνθρωπος,
632 3213 704 3272 εἰς
762 3210 880 3289 ὅρος
941 3208 1182 3265 ἀνελθεῖν
1226 3208 1436 3296 λέγεται
1471 3224 1484 3237 '
1546 3210 1581 3276 ἡ
1614 3209 1711 3286 γὰρ
1753 3205 1931 3281 ὑψηλὴ

2018 3207 2276 3288 subjecti
2309 3225 2535 3281 sumus,
2570 3206 2888 3296 rationales
2919 3227 3101 3288 panes
3123 3211 3409 3292 quinque,
3442 3217 3579 3296 quia
3614 3227 3673 3281 et

224 3294 230 3301 ’
281 3303 398 3382 περί
444 3300 599 3356 αὐτοῦ
629 3297 827 3373 ἔννοια,
861 3297 1007 3377 ὅρος.
1057 3296 1334 3354 Διαῖίδωσι
1383 3295 1437 3353 δὲ
1479 3298 1614 3372 ἡμῖν
1658 3309 1776 3358 τοῖς
1819 3310 1931 3360 ταῖς

2028 3297 2142 3378 ipsi
2173 3297 2434 3377 quinque
2465 3303 2603 3356 sunt
2629 3316 2642 3358 :
2677 3295 3001 3376 unicuique
3033 3298 3190 3359 enim
3216 3303 3416 3363 sensui
3444 3294 3665 3372 conve-

281 3392 438 3449 πέντε
533 3391 837 3460 αἰσθήσεσιν
948 3387 1382 3460 ὑποπεπτωκόσι,
1493 3386 1613 3448 τοὺς
1694 3383 1931 3463 λογικοὺς

2027 3387 2290 3448 nientem
2325 3403 2537 3465 panem
2569 3385 2687 3455 dat,
2739 3386 2850 3447 hoc
2881 3395 2970 3447 est
3019 3406 3359 3452 sermonem
3389 3411 3402 3455 :
3429 3395 3581 3457 sicut
3609 3409 3668 3460 et

278 3481 462 3561 ἄρτους
506 3480 660 3536 πέντε
724 3480 811 3535 καὶ
872 3479 1059 3541 αὐτοὺς
1116 3477 1294 3541 ὄντας,
1352 3467 1586 3551 Ἐκάστῃ
1618 3475 1718 3553 γὰρ
1746 3476 1931 3544 αἰσθή-

2025 3477 2236 3538 Paulus
2267 3472 2482 3536 dicit”.
2499 3472 2684 3536 «Volo
2701 3475 2966 3555 quinque
2987 3495 3298 3539 sermones
3324 3485 3380 3542 in
3403 3482 3667 3548 Ecclesia

285 3593 363 3628 σει
394 3573 486 3626 τὸν
526 3569 828 3648 πρόσφορον
881 3565 1034 3645 ἄρτον
1084 3564 1283 3640 δίδωσι,
1329 3565 1449 3632 ἤτοι
1489 3567 1581 3620 τὸν
1610 3563 1769 3640 λόγον
1799 3579 1814 3595 ⁶
1863 3566 1931 3627 ὡς

2020 3565 2181 3647 loqui
2225 3565 2325 3647 qui
2377 3565 2636 3645 quinque
2691 3582 2975 3626 sensuum
3013 3565 3390 3631 aediﬁcationi
3441 3592 3663 3638 conve-

279 3663 367 3718 καὶ
397 3657 600 3721 Παῦλος
633 3655 776 3734 λέγει
815 3678 828 3692 ·
893 3679 920 3710 α
954 3654 1103 3711 Θέλω
1159 3654 1315 3710 πέντε
1343 3652 1532 3729 λόγους
1563 3652 1617 3707 ἐν
1647 3649 1931 3724 Ἐκκλησία

2018 3653 2383 3718 niant.»Non
2404 3672 2716 3734 possumus
2733 3662 2930 3716 autem
2953 3657 3214 3736 quinque
3240 3676 3547 3726 sermones
3569 3667 3665 3727 in-

279 3748 536 3827 λαλῆσαι,
595 3748 717 3808 τοὺς
775 3745 898 3809 ταῖς
945 3744 1100 3800 πέντε
1159 3741 1364 3810 δηλαδὴ
1408 3743 1710 3812 αἰσθήσεσιν
1761 3741 1931 3820 ἁρμό-

2018 3758 2216 3824 tegros
2247 3744 2598 3823 capere,sed
2627 3762 2696 3804 ex
2729 3743 3134 3807 eisabundant
3155 3747 3666 3829 reliquiae.Nullus

278 3848 464 3910 ζοντας
495 3837 624 3915 πρὸς
657 3833 954 3912 διόρθωσιν,
993 3856 1021 3886 ι
1059 3835 1130 3891 Οὐ
1193 3832 1374 3906 μέντοι
1433 3830 1697 3893 δυνάμεθα
1725 3833 1931 3894 τούτους

2017 3833 2176 3894 enim
2202 3841 2396 3912 potest
2420 3832 2684 3912 integros
2707 3835 3114 3913 mysteriorum
3150 3854 3458 3903 sermones
3492 3863 3665 3923 cape-

280 3929 401 3993 τοὺς
454 3926 611 3983 πέντε
672 3923 862 4000 λόγους
915 3921 1070 3985 ὅλους
1129 3934 1480 4001 καταφαγεῖν,
1541 3919 1676 3976 ἀλλὰ
1719 3921 1804 3976 καὶ
1834 3941 1931 3976 πε-

2017 3923 2217 4002 re,sed
2243 3940 2376 4001 quae
2398 3939 2509 3984 nos
2528 3940 2738 4002 capere
2761 3931 2820 3982 et
2841 3924 3158 3986 comedere
3177 3935 3374 4006 utpote
3396 3919 3666 3997 carnales

279 4018 616 4097 ριττεύουσιν.
679 4017 752 4072 Οὐ
835 4013 934 4090 γὰρ
994 4033 1072 4074 τις
1148 4008 1361 4067 δύναται
1421 4012 1576 4084 ἡμῶν
1636 4007 1788 4072 ὅλους
1838 4016 1929 4065 τοῦ

2021 4029 2139 4072 non
2160 4010 3196 4100 possumus,apostoligestant,quasi
3215 4017 3270 4076 in
3287 4019 3550 4100 quinque
3569 4044 3663 4088 co-

277 4106 563 4183 μυστηρίου
620 4105 741 4164 τοὺς
790 4100 979 4178 λόγους
1038 4105 1311 4180 χωρῆσαι,
1374 4097 1510 4156 ἀλλὰ
1553 4099 1617 4154 τὰ
1645 4100 1781 4172 ἡμῖν
1811 4111 1926 4161 τοῖς

2021 4100 2374 4181 phinis,suis
2391 4101 2569 4178 justis
2590 4099 3190 4182 animabus.Cophini
3218 4125 3287 4166 ex
3321 4097 3499 4171 ramis
3529 4115 3657 4191 pal-

275 4193 610 4272 ὑλικωτέροις
668 4189 922 4270 ἀνέφικτα
961 4191 1048 4246 καὶ
1105 4188 1314 4268 ἄϐρωτα
1377 4193 1424 4244 οἱ
1475 4187 1762 4244 ἀπόστολοι
1827 4188 1926 4263 βα-

2022 4207 2249 4253 marum
2282 4197 2440 4266 sunt;
2471 4210 2498 4248 ι
2530 4192 2730 4250 Justus
2759 4199 2957 4250 autem
2988 4202 3050 4252 ut
3083 4193 3274 4272 palma
3304 4187 3653 4265 ﬂorebit39..

276 4282 573 4359 στάζουσιν,
630 4279 832 4357 ὥσπερ,
894 4277 947 4334 ἕν
998 4300 1103 4335 τισι
1160 4278 1419 4358 κοφίνοις,
1471 4290 1596 4343 ταῖς
1654 4279 1852 4334 ἑαυτῶν
1907 4277 2132 4345 δικαίαις
2192 4285 2422 4359 ψυχαῖς.
2478 4283 2536 4338 Οἱ
2601 4281 2700 4359 γὰρ
2732 4281 2962 4359 κόφινοι,
2997 4282 3056 4338 ἐκ
3099 4284 3271 4359 βα”ίων
3304 4293 3606 4364 φοινικίνων
3639 4313 3653 4328 ·

283 4396 308 4429 α
363 4374 574 4435 Δίκαιος
603 4368 680 4448 δὲ,
725 4372 796 4434 ὡς
825 4367 1000 4448 φοῖνιξ
1029 4368 1268 4438 ἀνθήσει.
1319 4392 1348 4423 ι

361 4484 389 4516 α
421 4461 480 4518 Οἱ
512 4459 599 4515 οὖν
658 4455 945 4536 ἅνθρωποι,
976 4454 1174 4520 ἰδόντες
1234 4458 1296 4512 τὸ
1338 4469 1574 4532 σημεῖον
1606 4457 1634 4510 ὃ
1677 4454 1923 4523 ἐποίησεν

2091 4457 2273 4521 Vens.
2311 4459 2518 4533 14,15.
2559 4481 2581 4514 α
2610 4457 2698 4519 Illi
2733 4477 2872 4537 ergo
2905 4458 3177 4522 homines
3209 4482 3342 4524 cum
3372 4468 3655 4535 vidissent

274 4557 302 4609 6
345 4549 576 4627 Ἰησοῦς,
631 4544 816 4624 ἔλεγον
873 4544 979 4617 ὅτι,
1034 4544 1198 4610 Οὗτός
1229 4545 1370 4602 ἐστιν
1414 4544 1625 4611 ἀληθῶς
1656 4548 1682 4600 6
1712 4548 1926 4625 προφή-

268 4661 366 4708 της
409 4641 437 4693 6
481 4636 772 4715 ἐρχόμενος
805 4634 877 4696 εἰς
930 4635 1020 4691 τὸν
1079 4634 1306 4709 κόσμον.
1351 4633 1558 4700 Ἰησοῦς
1615 4633 1728 4707 οὖν,
1770 4635 1924 4712 γνοὺς

269 4729 349 4786 ὅτι
394 4725 674 4804 μέλλουσιν
752 4722 1024 4802 ἔρχεσθαι,
1107 4725 1195 4780 καὶ
1270 4723 1518 4802 ἁρπάζειν
1578 4721 1756 4797 αὐτὸν,
1833 4723 1922 4780 ἵνα

268 4819 564 4888 ποιήσωσιν
625 4814 782 4871 αὐτὸν
853 4810 1100 4891 βασιλέα,
1148 4812 1466 4892 ἀνεχώρησε
1523 4810 1686 4867 πάλιν
1745 4814 1818 4876 εἰς
1861 4826 1921 4868 τὸ

266 4907 385 4977 ὄρος
441 4905 596 4967 αὑτὸς
640 4913 825 4978 μόνος.
859 4920 891 4960 )
960 4893 1103 4980 ’Ὅρα
1173 4902 1268 4970 τὴν
1346 4901 1758 4979 γαστριμαργίαν
1829 4901 1920 4958 τοῦ

266 4995 496 5066 πλήθους
533 5013 548 5028 ο
637 4991 793 5069 μυρία
861 4991 1103 5065 θαύματα
1166 4992 1495 5061 ποιήσαντος
1569 4998 1661 5045 τοῦ
1717 4990 1916 5070 ’[ησού,

263 5089 352 5145 καὶ
403 5082 826 5161 θαυμασιώτερα,
903 5083 997 5138 ούκ
1080 5081 1371 5157 ἐθαύμαζον
1403 5095 1419 5112 ⁸
1481 5083 1569 5138 καὶ
1659 5079 1764 5136 ἰδοὺ
1835 5080 1918 5139 διὰ

265 5177 365 5247 τήν
419 5177 640 5254 βρῶσιν,
691 5193 716 5226 ε
784 5173 970 5244 Οὗτος,
1028 5172 1204 5250 φασὶν,
1268 5171 1408 5226 ’ἐστιν
1467 5172 1495 5227 6
1538 5171 1841 5249 προφήτης.
1884 5195 1912 5226 ι

267 5267 373 5325 Οὔκ
429 5264 504 5320 ἔτι
557 5262 700 5336 αὐτῷ
759 5261 878 5337 περὶ
934 5259 1032 5327 τῆς
1087 5267 1178 5316 τοῦ
1233 5257 1506 5315 Σαϐϐάτου
1569 5256 1915 5337 παραϐάσεως

263 5353 596 5434 ἰγκαλοῦσιν,
642 5353 738 5408 οὒκ
792 5347 867 5405 ἔτι
924 5351 1016 5406 τὸν
1060 5349 1221 5424 νόμον
1279 5346 1568 5404 ἐκδικοῦσιν
1605 5364 1620 5378 ⁶
1655 5347 1791 5404 ἀλλὰ
1819 5370 1915 5404 το-

266 5452 449 5504 σοῦτον
527 5440 611 5500 διὰ
677 5441 800 5504 τοὺς
870 5436 1056 5518 ἄρτους
1133 5439 1288 5494 αὐτὸν
1340 5443 1588 5513 τιμῶσιν,
1661 5438 1796 5494 ὣστε
1856 5438 1915 5495 οὒ

265 5534 426 5612 μόνον
481 5532 760 5611 προφήτην
819 5528 1245 5606 ἀναγορεύουσιν,
1305 5525 1443 5583 ἀλλὰ
1508 5529 1594 5582 καὶ
1643 5527 1910 5603 βασιλείας

2007 4548 2162 4628 quod
2193 4547 2367 4610 Jesus
2403 4549 2624 4609 fecerat
2656 4549 2914 4626 signum,
2948 4547 3244 4614 dicebant:
3267 4553 3376 4616 Hic
3399 4568 3488 4619 est
3517 4581 3655 4624 vere

2007 4636 2295 4716 propheta
2321 4637 2418 4697 ille
2441 4636 2542 4717 qui
2570 4645 2854 4697 venturus
2904 4645 2994 4700 est
3041 4639 3098 4698 in
3135 4643 3442 4706 mundum.
3477 4651 3652 4712 Jesus

2006 4743 2148 4804 ergo
2180 4745 2311 4786 cum
2349 4726 2720 4804 cognovisset
2745 4726 2903 4805 quod
2936 4729 3165 4788 venturi
3199 4746 3420 4806 essent,
3454 4754 3521 4797 ac
3551 4756 3652 4800 ra-

2007 4814 2160 4894 pturi
2209 4815 2405 4895 ipsum
2464 4825 2523 4875 ut
2570 4816 2836 4877 facerent
2883 4816 3074 4895 ipsum
3125 4837 3353 4902 regem,
3407 4829 3648 4890 secessit

2002 4905 2213 4965 iterum
2230 4904 2356 4983 ipse
2370 4905 2430 4965 in
2446 4915 2707 4966 montem
2727 4905 2909 4967 solus.
2922 4904 3310 4986 nVidegulam
3327 4912 3645 4993 vulgi,cum

2002 4993 2241 5055 fecisset
2260 4995 2572 5055 innumera
2589 4994 2960 5072 miracula,et
2975 4995 3116 5055 585
3135 4998 3516 5079 mirabiliora,
3529 5025 3646 5068 non

2003 5082 2547 5156 admirabantur,et
2573 5101 2714 5144 ecce
2747 5093 2991 5162 propter
3020 5085 3217 5147 cibum
3247 5089 3646 5167 dicunt,-Hoc

2002 5179 2093 5234 est
2119 5171 2220 5234 ille
2250 5172 2556 5251 propheta.
2592 5193 2621 5230 ι
2657 5171 2786 5232 Non
2816 5173 3072 5253 amplius
3120 5194 3254 5237 eum
3301 5178 3375 5239 de
3404 5179 3645 5246 Sabbati

2000 5259 2317 5322 violatione
2341 5268 2617 5338 arguunt,
2655 5280 2773 5321 non
2796 5260 2949 5321 ultra
2973 5262 3163 5341 legem
3193 5266 3517 5348 vindicant,
3538 5275 3640 5335 sed

1999 5350 2146 5412 adeo
2178 5351 2340 5411 illum
2397 5359 2640 5429 prapter
2672 5369 2853 5430 panes
2903 5352 3126 5424 colunt,
3173 5366 3236 5415 ut
3268 5368 3328 5416 et
3358 5376 3490 5419 eum
3525 5381 3644 5423 non

1997 5439 2193 5500 solum
2221 5444 2566 5520 prophetam
2592 5440 2938 5518 praedicent,
2975 5441 3077 5502 sed
3103 5451 3162 5503 et
3184 5442 3425 5520 dignum
3452 5468 3640 5529 regno

1995 5532 2384 5593 censeant.At
2413 5529 2514 5590 ille
2532 5529 2985 5608 fugit.erudiens
3019 5550 3126 5593 nos
3150 5535 3480 5597 mundanas
3502 5560 3640 5604 con-

334 5690 386 5734 ⁸⁷⁷
418 5691 644 5754 Jerem.
677 5705 781 5767 xu,
822 5691 852 5751 7
937 5685 1041 5750 ⁸⁸1
1071 5685 1208 5752 Cor.
1242 5704 1369 5764 xxv,
1403 5687 1501 5749 19.
1589 5685 1644 5732 ³ο
1668 5687 1822 5753 Psal.
1857 5706 1976 5772 cn,
2010 5689 2108 5754 l3.

588 5865 845 5925 Parnm“
892 5871 1002 5926 ua.
1050 5864 1320 5928 cum.
