4060 6294
176 315 195 378 l
207 313 325 378 293
857 316 1300 379 ENARRATIO
1343 317 1423 379 ΙΝ
1472 317 1842 381 ΕνΑΝθΕι]

1925 317 1976 379 Μ
2017 317 2362 383 JOANNIS.
2407 341 2487 368 «-
2521 318 2689 384 οΑΡ.
2738 321 2844 384 VI.
3397 313 3547 380 1294

165 453 230 508 τὰ
311 451 720 532 παρερχόμενα.
810 449 955 526 Ἐγω
1037 447 1093 504 δέ
1175 450 1305 529 εἰμὶ,
1391 449 1680 533 τουτέστιν,
1739 449 1842 506 ἀεὶ.

1925 449 2142 528 [uidem
2170 451 2528 533 temporaria
2546 461 2704 528 sunt,
2739 459 2800 513 et
2820 470 2939 513 non
2968 468 3108 512 vere
3138 457 3412 527 sunt,ego
3433 466 3548 511 au-

163 540 330 620 μένω,
400 541 494 596 καὶ
549 541 623 602 ὡς
669 539 798 604 Θεὸς
853 537 962 616 ὶγὼ
991 537 1244 618 τυγχάνω
1273 541 1301 595 6
1329 538 1426 598 ὤν.
1479 538 1630 597 Ἐπεὶ
1658 540 1828 598 τοίνυν

1925 551 2028 600 tem
2060 557 2216 614 sum,
2255 541 2366 602 hoc
2393 548 2486 602 est
2514 558 2750 616 maneo,
2780 548 2842 602 et
2872 557 3170 620 nunquam
3233 545 3544 618 praetereo,

165 630 233 687 τὰ
287 629 386 705 μὶν
459 626 660 709 φοϐερὰ
734 627 1052 706 πρόσκαιρα,
1099 649 1188 682 και
1241 628 1340 684 οὒκ
1394 626 1607 695 ἀληθῶς
1675 626 1824 703 ὄντα,

1925 633 1969 688 et
1997 645 2135 689 vere
2159 645 2315 703 sum,
2345 648 2420 691 ne
2449 629 2710 710 prodatis
2741 636 2992 690 vestram
3015 628 3076 689 in
3105 644 3200 688 me
3224 626 3397 688 fidem
3418 643 3548 706 pro-

165 718 273 797 ἐγὼ
316 715 371 774 δέ
429 719 564 793 εἶμι,
622 717 738 773 ἀντὶ
779 722 896 790 τοῦ,
943 714 1110 791 μένω,
1167 717 1256 772 καὶ
1319 714 1566 774 οὐδέποτε
1622 717 1824 798 παρέρ-

1925 722 2040 794 iter
2076 717 2446 797 temporalia.
2483 716 2632 781 Vide
2671 725 2893 791 autem,
2923 717 3199 790 obsecro,
3254 714 3550 796 quomodo

172 829 374 886 χομαι,
440 804 558 862 ἀλλ’
605 803 818 872 ἀληθῶς
862 806 1020 888 εἰμι,Δ
1052 803 1130 879 μὴ
1171 801 1408 883 προδῶτε
1450 806 1546 873 τὴν
1601 807 1672 871 είς
1729 805 1823 882 Εμὶ

1925 822 2027 866 non
2055 805 2247 867 statim
2277 807 2352 869 ab
2377 807 2544 868 initio
2578 806 2848 888 periculi,
2882 805 2986 868 sed
3017 806 3076 867 in
3108 804 3340 867 fervore
3362 823 3548 885 appa-

169 885 343 954 πίστιν
395 892 480 952 διὰ
536 897 604 953 τὰ
651 897 971 976 πρόσκαιρα.
1008 885 1162 974 ’Ὅρα
1211 893 1265 951 δέ
1315 917 1430 971 μοι,
1462 902 1579 961 πῶς
1623 899 1717 956 οὒκ
1772 895 1826 952 ἒν

1925 901 2000 956 ret
2029 894 2296 957 Christus
2344 904 2405 958 et
2433 885 2610 958 solvit
2667 885 2910 958 metum.
2963 894 3115 957 Sinit
3145 893 3305 956 enim
3336 911 3445 955 nos
3488 894 3552 954 in

170 987 318 1067 ἀρχῇ
348 991 444 1042 τοῦ
498 984 761 1058 κινδύνου,
817 982 936 1042 ἀλλ’
965 983 1021 1040 έν
1049 985 1198 1062 ἂκμῇ
1243 985 1569 1063 ὶπιφαίνεται
1619 988 1646 1042 6
1691 992 1824 1063 Χρι-

171 1075 316 1149 στὸς,
387 1073 477 1130 καὶ
536 1072 652 1130 λύει
712 1075 803 1130 16v
857 1070 1043 1153 φόϐον.
1104 1072 1202 1145 Ἐᾷ
1244 1073 1343 1150 γὰρ
1385 1075 1526 1149 ἡμᾶς
1559 1073 1614 1130 ἒν
1644 1074 1826 1149 μέσοις

168 1162 415 1241 γενέσθαι
470 1176 590 1226 τοῖς
646 1160 866 1242 δεινοῖς,
925 1161 1018 1218 ἵνα
1087 1161 1439 1226 παλαίσαντες
1493 1163 1560 1232 τῆ
1625 1162 1824 1239 θλίψει,

163 1253 250 1308 καὶ
337 1250 678 1327 πιεσθέντες,
765 1248 1112 1330 δοκιμώτεροι
1189 1253 1466 1328 γενώμεθα
1496 1266 1510 1282 ⁸
1595 1253 1683 1308 καὶ
1737 1251 1829 1307 ἵνα

161 1341 486 1410 κινήσαντες
543 1345 720 1396 πᾶσαν
760 1339 857 1407 τὴν
914 1338 1177 1417 ἡμετέραν
1233 1336 1450 1414 δύναμιν
1501 1341 1587 1396 καὶ
1615 1342 1826 1420 σοφίαν,

165 1431 254 1484 καὶ
291 1428 541 1503 εὖρόντες
594 1429 756 1497 αὐτὴν
819 1427 1038 1500 ἀσθενῆ,
1099 1429 1228 1505 πρὸς
1296 1426 1503 1484 ἰκεῖνον
1560 1430 1831 1509 καταφεῦ-

169 1540 360 1598 γωμεν
415 1519 602 1594 μόνον,
649 1519 742 1575 τὸν
799 1516 852 1583 ἐξ
899 1516 1312 1596 ἀπροσδοκήτων
1354 1518 1536 1589 σώζειν
1599 1516 1831 1594 δυνάμε-

171 1595 285 1671 νον.
319 1595 464 1663 ΗΟτε
523 1609 624 1686 γὰρ
677 1611 705 1664 6
760 1595 1081 1686 ἀνθρώπινος
1130 1606 1387 1683 ἂποκάμῃ
1431 1613 1575 1686 νοῦς,
1628 1608 1750 1665 τότε
1792 1611 1828 1677 ἡ

1911 983 2127 1044 mediis
2151 1003 2284 1046 esse
2315 984 2697 1065 periculis,ut
2725 1003 2858 1046 cum
2889 986 3312 1046 certaverimus
3350 983 3413 1046 in
3442 983 3553 1044 tri-

1910 1069 2210 1134 bulatione
2233 1083 2295 1137 et
2316 1076 2500 1156 pressi
2535 1075 2844 1146 fuerimus,
2897 1073 3270 1154 probatiores
3317 1071 3548 1149 ﬁamus,

1913 1170 1972 1223 et
2001 1170 2062 1222 ut
2083 1179 2218 1224 cum
2246 1165 2589 1226 noverimus
2604 1182 2845 1226 omnem
2877 1171 3142 1225 nostram
3193 1161 3466 1224 virtutem
3495 1169 3556 1224 et

1911 1249 2286 1329 sapientiam,
2351 1253 2871 1332 invenerimusque
2927 1270 3056 1312 eam
3114 1250 3435 1324 inﬁrmem,
3481 1248 3554 1311 ad

1910 1337 2078 1399 illum
2136 1340 2543 1420 confugiamus
2579 1343 2792 1415 solum,
2855 1342 2953 1422 qui
3011 1359 3082 1401 ex
3130 1338 3556 1419 inexspectatis

1910 1426 2136 1489 salvare
2184 1430 2420 1509 poterit.
2455 1427 2600 1491 Nam
2647 1448 2779 1491 cum
2833 1429 3096 1490 humana
3124 1445 3297 1488 mens
3319 1426 3558 1505 fatigata

1911 1516 2108 1592 fuerit,
2144 1526 2283 1580 tunc
2303 1518 2499 1582 divina
2526 1519 2686 1582 salus
2714 1525 2964 1598 repente
2995 1514 3294 1596 subvenit,
3325 1534 3398 1578 ac
3446 1533 3557 1596 pa-

1913 1616 2001 1669 rat
2034 1625 2141 1669 nos
2164 1615 2228 1669 ut
2256 1607 2329 1669 ad
2363 1607 2530 1670 illum
2572 1607 2765 1670 solum
2815 1606 3127 1686 fugiamus,
3187 1605 3290 1685 qui
3333 1604 3562 1666 salvere

177 1698 235 1754 ἐκ
283 1703 421 1754 Θεοῦ
477 1697 717 1764 σωτηόία
773 1697 960 1778 ἀθρόον
1008 1694 1386 1775 ἰπιγενομένη,
1442 1699 1828 1774 παρασκευάζει

1925 1703 2128 1777 potest,
2162 1704 2220 1757 et
2249 1715 2368 1757 non
2399 1695 2717 1778 nobisipsis
2771 1695 3136 1757 ascribamus
3175 1694 3450 1756 salutem.
3495 1692 3563 1756 Si
3659 1691 3664 1696 ’

177 1789 325 1862 ἡμᾶς
387 1788 518 1864 πρὸς
579 1787 787 1843 ἐκεῖνον
844 1786 1096 1844 πέτασθαι
1141 1785 1303 1860 μόνον
1330 1786 1422 1841 τὸν
1453 1783 1713 1866 σώζοντα,
1743 1794 1829 1850 καὶ

1925 1784 2276 1848 voluerimus
2305 1793 2500 1848 autem
2534 1793 2591 1847 et
2619 1802 2728 1846 nos
2759 1785 2820 1847 in
2843 1784 3039 1846 navim
3071 1791 3334 1845 nostram
3365 1782 3559 1845 susci—

176 1879 260 1952 μή
306 1875 518 1940 ἑαυτοῖς
547 1876 643 1944 τὴν
694 1878 959 1955 σωτηρίαν
1016 1873 1416 1954 ἐπιγραφέσθαι.
1473 1875 1529 1930 Εἰ
1582 1872 1827 1944 θελήσω-

1925 1891 2054 1952 pere
2082 1874 2407 1969 Cbristum,
2439 1875 2559 1969 hoc
2582 1883 2671 1969 est
2701 1872 3125 1969 habitationem
3165 1871 3562 1969 dare-Christo

177 1987 278 2040 μεν
331 1963 386 2020 δὲ
430 1966 517 2021 καὶ
577 1967 649 2030 εἷς
692 1969 754 2023 16
796 1965 990 2022 πλοῖον
1041 1965 1198 2039 ἡμῶν
1240 1962 1430 2039 λαβεῖν
1456 1964 1547 2020 τὸν
1576 1966 1824 2041 Χριστὸν,

1925 1983 1969 2024 ιο
2000 1963 2181 2026 corde
2203 1971 2404 2026 nostro
2427 1965 2626 2025 statim
2651 1962 3107 2026 inveniemurin
3128 1971 3285 2024 terra
3307 1961 3366 2023 in
3385 1980 3562 2044 quam

175 2052 437 2128 τουτέστι,
523 2055 822 2113 κατοικίσαι
901 2055 994 2110 τὸν
1079 2053 1302 2131 Χριστὸν
1370 2051 1427 2108 έν
1506 2057 1574 2127 τῇ
1647 2051 1829 2131 καρδίᾳ

1925 2050 2162 2116 ibimus.
2190 2051 2337 2124 Quae
2356 2060 2552 2114 autem
2587 2061 2743 2115 terra
2771 2051 2920 2114 ista?
2948 2050 3206 2114 Omnino
3230 2059 3390 2113 terra
3419 2070 3562 2132 pro-

176 2145 357 2218 ἡμῶν,
416 2143 565 2243 εὖθξις
604 2144 1011 2243 μεῦρεθησόμεθα
1055 2140 1232 2243 ὲν
1273 2147 1374 2243 γῇ,
1407 2141 1482 2243 εἷς
1529 2140 1597 2209 ἣν
1627 2141 1829 2243 ἀπαγό-

1925 2139 2235 2243 missionis,
2260 2139 2508 2243 prelum,
2523 2149 2770 2243 quaest
2799 2149 2966 2241 terra
2984 2139 3240 2222 mitium,
3268 2146 3562 2202 eteorum

178 2235 336 2306 μεθα.
421 2231 550 2288 Ποία
599 2230 652 2289 δὲ
690 2234 725 2301 ἡ
771 2237 843 2311 γῆ
898 2231 1040 2288 ἐστιν
1087 2228 1221 2296 αὕτη
1255 2247 1272 2305 ;
1303 2228 1370 2286 Ἦ
1399 2229 1613 2294 πάντως
1670 2231 1705 2298 ἡ

1925 2229 2018 2310 qui
2046 2229 2278 2292 liberati
2312 2249 2346 2291 a
2377 2230 2622 2308 malitia,
2654 2229 2712 2292 in
2742 2247 2889 2311 pace
2911 2228 3138 2292 vivunt.

177 2321 279 2390 τῆς
339 2319 683 2400 ἐπαγγελίας,
717 2324 745 2378 ὁ
776 2321 1018 2400 οὐρανὸς,
1079 2318 1109 2386 ἦ
1162 2324 1236 2398 γῆ
1292 2324 1399 2375 τῶν
1456 2318 1689 2398 πραέων,
1749 2316 1837 2380 καὶ

179 2410 287 2466 ἀπὸ
317 2409 497 2476 πάσης
526 2410 712 2475 κακίας
759 2408 1195 2487 εἷρηνευσάντων,

271 2522 295 2555 ε
333 2505 414 2576 Τῇ
472 2499 717 2579 ἐπαύριον
775 2501 804 2556 6
859 2497 1025 2578 ὄχλος
1081 2500 1110 2554 6
1156 2498 1395 2565 ἑστηκὼς
1427 2497 1589 2577 πέραν
1616 2501 1716 2566 τῆς
1744 2502 1834 2556 θα-

2004 2501 2184 2566 Vsns.
2218 2501 2435 2566 22-26.
2476 2527 2503 2559 ι
2538 2501 2780 2565 Postero
2813 2501 2933 2566 die.
2965 2500 3140 2564 turba
3187 2520 3316 2583 quin
3380 2501 3572 2563 stabat

181 2589 416 2662 λάσσης,
466 2586 614 2653 εἰδὼς
646 2589 726 2645 ὄτι
770 2588 1044 2666 πλοιάριον
1092 2586 1224 2644 ἄλλο
1267 2587 1360 2644 οὒκ
1401 2586 1468 2654 ἦν
1495 2587 1635 2663 ἐκεῖ,
1667 2589 1710 2644 εἰ
1752 2589 1831 2664 μὴ

1925 2600 2076 2653 trans
2109 2610 2294 2667 mare,
2326 2591 2652 2672 viditquod
2687 2591 2956 2653 navicula
2980 2591 3100 2654 alia
3129 2610 3248 2652 non
3279 2601 3440 2653 esset
3483 2590 3570 2653 ibi

185 2680 240 2736 ἓν
297 2678 480 2734 ἐκεῖνο
524 2679 597 2742 εἷς
657 2679 685 2734 ὃ
715 2675 977 2745 ἀνέϐησαν
1033 2680 1080 2734 οἱ
1123 2677 1352 2752 μαθηταὶ
1394 2677 1574 2750 αὐτοῦ,
1617 2678 1706 2734 καὶ
1749 2675 1829 2734 ὅτι

1925 2682 2026 2743 nisi
2057 2700 2174 2744 una
2192 2682 2290 2743 illa
2311 2681 2371 2742 in
2387 2700 2562 2761 quam
2583 2682 2836 2759 ingressi
2854 2681 3089 2743 fuerant
3111 2680 3392 2759 discipuli
3413 2681 3569 2759 ejus,

183 2770 242 2826 οὐ
301 2765 613 2835 συνεισῆλθε
669 2782 788 2833 τοῖς
847 2770 1116 2842 μαθηταῖς
1147 2765 1306 2821 αὐτοῦ
1332 2765 1362 2820 ὁ
1391 2763 1596 2831 Ἰησοῦς
1639 2766 1713 2828 εἷς
1767 2767 1830 2822 τὸ

1925 2779 1969 2831 at
1998 2769 2152 2848 quod
2183 2788 2301 2831 non
2334 2770 2670 2830 introissset
2697 2772 2872 2830 Jesus
2917 2788 3054 2830 cum
3102 2768 3420 2848 discipulis
3449 2769 3572 2830 suis

182 2857 490 2936 πλοιάριον,
551 2854 688 2912 ἀλλὰ
735 2855 888 2932 μόνοι
943 2858 988 2911 οἱ
1058 2854 1289 2929 μαθηταὶ
1361 2851 1521 2930 αὐτοῦ
1564 2852 1829 2920 ἀπῆλθον.

1925 2859 1981 2919 in
2013 2856 2478 2937 naviculam,sed
2504 2857 2613 2917 soli
2636 2856 2916 2937 discipuli
2950 2857 3080 2935 ejus
3103 2855 3572 2918 abiissent.Alia

184 2945 322 3002 ἄλλα
380 2943 434 2999 δὲ
520 2942 647 3011 ἦλθε
702 2943 951 3022 πλοιάρια
1033 2943 1094 2999 ἰκ
1149 2941 1244 3010 τῆς
1304 2938 1601 3020 Τιϐεριάδος
1679 2940 1840 3020 ἐγγὺς

1925 2964 2061 3007 vero
2108 2952 2584 3026 supervenerunt
2631 2944 2919 3007 navicule
2973 2963 3006 3005 a
3054 2943 3376 3007 Tiberiade
3401 2945 3570 3024 juxta

180 3040 282 3089 106
327 3033 485 3109 τόπο,
550 3028 682 3088 ὅπου
727 3031 923 3110 ἔφαγον
988 3032 1080 3087 τὸν
1122 3029 1302 3106 ἄρτον,
1359 3029 1842 3108 εὐχαριστήσαντος

1925 3035 2120 3096 locum
2154 3034 2253 3095 ubi
2285 3033 2672 3096 comederant
2719 3051 2955 3114 panem,
3003 3042 3312 3114 postquam
3358 3033 3574 3113 gratias

185 3128 287 3178 106
349 3119 534 3197 Κυρίου
593 3119 679 3176 ὅτε
741 3123 831 3177 οὗν
888 3117 1032 3177 εἶδεν
1076 3122 1104 3177 ὁ
1152 3117 1346 3199 ὄχλος,
1401 3117 1479 3175 ὅτι
1513 3114 1719 3186 ἰησοῦς
1750 3122 1842 3178 οὒκ

1928 3123 2147 3202 egisset
2197 3123 2506 3187 Dominus.
2541 3124 2687 3187 Cum
2723 3140 2864 3200 ergo
2902 3121 3144 3184 vidisset
3193 3119 3368 3184 turba
3409 3122 3574 3203 quod

183 3210 329 3266 ἔστιν
380 3207 525 3288 tm,
586 3207 703 3269 οὐδὲ
761 3213 808 3266 οἱ
893 3210 1125 3286 μαθηταὶ
1207 3208 1384 3288 αὐτοῦ,
1445 3205 1709 3276 ἀνέϐησαν
1756 3210 1842 3266 καὶ

1926 3211 2098 3276 Jesus
2128 3231 2243 3275 non
2275 3218 2432 3274 esset
2477 3212 2586 3292 ibi,
2619 3229 2814 3292 neque
2842 3210 3125 3291 discipuli
3167 3210 3325 3291 ejus,
3354 3229 3570 3278 ascen-

186 3299 331 3358 αὐτοὶ
391 3299 467 3362 εἷς
524 3299 591 3356 τὰ
627 3297 913 3377 ,πλοιάρια
982 3299 1070 3355 καὶ
1125 3296 1286 3366 ἦλθον
1343 3299 1416 3363 εἰς
1470 3297 1842 3374 Καπερναοὺμ,

1928 3303 2144 3365 derunt
2162 3311 2221 3364 et
2237 3300 2452 3382 ipsaein
2468 3300 2766 3363 naviculas
2787 3309 2844 3363 et
2863 3311 3153 3362 venerunt
3173 3299 3570 3380 Capernaum,

193 3393 474 3462 ζητοῦντες
530 3389 619 3444 τὸν
708 3385 937 3456 Ἰησοῦν.
1004 3388 1134 3473 Καὶ⁸
1161 3387 1398 3464 εὗρόντες
1475 3387 1632 3443 αὐτὸν
1681 3385 1842 3465 πέραν

1929 3400 2261 3473 querentes
2305 3391 2530 3454 Iesum.
2563 3391 2637 3453 Et
2665 3407 2799 3452 cum
2833 3389 3197 3451 invenissent
3244 3407 3381 3451 eum
3411 3398 3576 3452 trans

191 3483 294 3545 τῆς
353 3473 646 3551 θαλάσσης,
681 3481 837 3534 εἷπον
865 3480 1008 3550 αὒτῷ
1038 3492 1053 3507 ⁸
1120 3466 1346 3550 Ῥαϐϐεὶ,
1397 3474 1525 3531 πότε
1577 3471 1678 3531 ὦδε
1735 3497 1842 3532 πα-

1930 3466 2403 3556 mare,dixerunt
2423 3480 2476 3541 ei
2501 3501 2514 3544 :
2544 3477 2757 3555 Rabbi,
2803 3479 3040 3560 quando
3066 3480 3180 3541 huc
3195 3479 3567 3544 venistitﬂe-

198 3565 487 3645 ραγέγονας
523 3582 540 3640 ς
599 3566 884 3646 Ἀπεκρίθη
928 3567 1112 3628 αὐτοῖς
1143 3566 1170 3621 6
1215 3564 1444 3638 Ἰησοοῖς,
1502 3563 1590 3619 καὶ
1645 3566 1800 3620 εἶπεν
1827 3595 1842 3610 ο

1932 3572 2169 3650 spondit
2191 3572 2274 3632 eis
2305 3570 2478 3634 Jesus
2505 3579 2565 3633 et
2591 3567 2739 3630 dixit
2764 3590 2777 3627 :
2805 3574 3197 3641 Amen,amen
3220 3567 3355 3631 dico
3377 3567 3569 3636 vobis.

191 3655 394 3733 Ἀμὴν,
429 3655 573 3731 ἀμην
623 3653 766 3734 λέγω
815 3657 970 3729 ὑμῖν,
1026 3652 1244 3726 ζητεῖτέ
1295 3674 1387 3741 με,
1427 3653 1531 3733 οὺχ
1559 3650 1638 3708 ὅτι
1681 3650 1842 3741 εἴδετε

1933 3659 2202 3741 quaeritis
2253 3678 2370 3740 me,
2394 3676 2512 3720 non
2564 3657 2703 3738 quia
2759 3655 2989 3719 vidistis
3037 3657 3226 3737 signa,
3280 3657 3384 3718 sed
3433 3657 3574 3738 quia

190 3754 419 3818 σημεῖα,
485 3743 606 3800 ἀλλ’
641 3741 721 3801 ὅτι
765 3745 986 3825 ἒφάγετε
1019 3742 1080 3799 ἐκ
1119 3748 1226 3800 τῶν
1286 3738 1482 3821 ἄρτων,
1543 3742 1632 3798 καὶ
1683 3739 1842 3822 ἐχορ-

1932 3738 2277 3813 comedistis
2325 3738 2401 3810 de
2459 3747 2736 3828 panibus,
2794 3755 2853 3808 et
2900 3747 3145 3807 saturati
3200 3747 3363 3808 estis.
3393 3771 3421 3802 ι
3465 3746 3575 3810 Je-

180 3835 436 3898 τάσθητε.
476 3853 503 3891 ι
563 3833 804 3905 Πεζεῦων
856 3834 956 3909 μὲν
1023 3834 1053 3889 6
1111 3830 1322 3898 Ἰησοῦς
1373 3831 1461 3886 ἰπὶ
1516 3834 1614 3897 τῆς
1640 3829 1849 3887 θαλάσ-

1931 3857 2034 3900 sus
2072 3839 2311 3918 quidem
2361 3835 2623 3915 pedestri
2664 3835 2880 3896 itinere
2925 3853 3106 3914 super
3148 3853 3312 3896 mare
3341 3833 3487 3898 abiit
3513 3837 3576 3898 in

182 3946 312 4002 σης,
360 3921 597 3990 ἀπῆλθεν
647 3924 720 3988 εἰς
775 3925 836 3980 16
897 3921 1085 4002 πέραν.
1120 3921 1180 3978 οἱ
1210 3919 1263 3978 δὲ
1293 3917 1451 4001 ὄχλοι
1507 3926 1576 3996 τῇ
1606 3919 1842 3997 έπαύριο,

1929 3917 2257 4006 regionem,
2312 3943 2445 4006 quas
2499 3933 2666 3985 trans
2714 3940 2901 3986 mare.
2952 3921 3169 3985 Turbae
3211 3931 3431 3997 autem,
3478 3923 3577 3986 die

178 4013 466 4088 ζητοῦντες
525 4013 707 4088 αὑτὸν,
763 4014 853 4070 καὶ
908 4011 1127 4084 ίδόντες,
1191 4010 1271 4067 ὅτι
1334 4007 1532 4067 πλοῖον
1575 4010 1632 4067 ἓν
1675 4010 1744 4076 ἦν
1787 4020 1850 4075 τὸ

176 4104 302 4166 τοὺς
351 4103 596 4175 μαθητὰς
639 4099 1051 4177 ὑποδεξάμενον,
1097 4100 1171 4162 εἷς
1235 4100 1263 4156 ὃ
1314 4099 1373 4156 οὗ
1441 4097 1776 4168 συνεισῆλθεν
1819 4100 1849 4156 6

183 4191 425 4263 Ἰησοῦς,
474 4192 548 4254 εἰς
592 4189 796 4248 ἕννόιαν
852 4190 1012 4258 ἦλθον
1090 4195 1185 4246 τοῦ
1231 4188 1520 4268 θαύματος,
1576 4191 1662 4246 καὶ
1712 4190 1848 4246 ὑπε-

188 4284 369 4355 νόουν,
403 4279 485 4338 ὅτι
514 4281 613 4348 τὴν
654 4280 922 4338 θάλασσαν
982 4278 1236 4358 πεζεύων,
1279 4278 1598 4356 παρεγένετο
1657 4278 1730 4340 είς
1785 4279 1847 4334 16

185 4371 382 4451 πέραν.
448 4371 507 4428 El
553 4370 651 4444 μὲν
709 4370 808 4450 γὰρ
880 4371 971 4426 καὶ
1023 4366 1162 4424 ἄλλο
1217 4365 1409 4424 πλοῖον
1469 4367 1553 4447 ἢν,
1600 4368 1737 4431 εἰκὸς
1780 4367 1847 4434 ἧν

185 4462 513 4533 ὑπονοῆσαι,
559 4457 638 4516 ὅτι
707 4471 826 4522 τοῖς
880 4457 1153 4535 μαθηταῖς
1214 4458 1271 4514 06
1349 4454 1714 4530 συνέπλευσεν,
1774 4457 1846 4518 εἰς

1931 4024 2203 4097 postero,
2268 4033 2402 4076 cum
2460 4012 2870 4094 quasivissent
2917 4012 3127 4084 illum,
3181 4019 3242 4073 et
3297 4010 3578 4075 vidissent

1928 4105 2084 4187 quod
2113 4122 2232 4166 una
2249 4110 2474 4164 tantum
2506 4101 2670 4162 navis
2690 4100 2999 4175 adfuisset,
3028 4100 3089 4161 in
3111 4119 3287 4180 quam
3320 4100 3576 4179 ingressi

1929 4192 2158 4254 fuerant
2202 4190 2502 4271 discipuli,
2553 4198 2612 4251 et
2662 4208 2780 4250 non
2827 4190 2999 4251 Iesus
3070 4189 3221 4269 ipse,
3266 4189 3574 4268 cogitave-

1927 4289 2066 4343 runt
2095 4280 2251 4362 apud
2294 4297 2358 4340 se
2390 4281 2503 4340 hoc
2551 4277 2924 4352 miraculum,
2978 4285 3036 4338 et
3097 4276 3379 4356 suspicati
3438 4286 3580 4341 sunt

1928 4370 2084 4451 quod
2106 4387 2269 4430 mare
2299 4367 2480 4448 pedes
2512 4367 2836 4429 transierit.
2859 4364 3004 4427 Nam
3030 4367 3076 4426 si
3107 4365 3346 4447 quidem
3380 4374 3438 4428 et
3462 4366 3578 4430 alia

1930 4460 2095 4520 navis
2124 4459 2434 4530 adfuisset,
2461 4456 2781 4519 verisimile
2824 4455 3087 4535 potuisse
3134 4473 3236 4516 eos
3289 4454 3574 4534 cogitare,

185 4554 368 4610 έκεῖνο
425 4546 481 4604 δὲ
533 4547 806 4623 εἰσελθὼν,
867 4547 1166 4628 διεπέρασε.
1213 4555 1318 4605 Νῦν
1381 4543 1460 4620 δὲ,
1521 4545 1638 4612 ἑνὸς
1695 4544 1842 4610 ὄντος

1933 4549 2089 4630 quod
2123 4567 2255 4609 cum
2289 4545 2599 4626 discipulis
2630 4564 2748 4606 non
2781 4545 3092 4623 navigarit,
3127 4544 3232 4606 sed
3286 4545 3346 4605 in
3396 4544 3577 4606 aliam

185 4647 281 4699 τοῦ
338 4633 530 4694 πλοίου
599 4644 693 4695 τοῦ
740 4638 860 4702 τοὺς
920 4637 1163 4714 μαθητὰς
1228 4635 1446 4714 μόνους,
1507 4635 1591 4691 καὶ
1637 4635 1715 4710 μὴ
1756 4637 1850 4701 τὸν

183 4727 406 4806 Κύριον,
464 4724 874 4802 ὃποδεξαμένου,
960 4722 1225 4804 πρόδηλον
1299 4725 1358 4780 τὸ
1416 4724 1608 4797 θαῦμα.
1673 4729 1851 4786 Ταῦτα

183 4819 363 4877 τοίνυν
398 4812 743 4886 ἓννοήσαντες
774 4818 821 4870 οἱ
852 4811 1035 4894 ὄχλοι,
1079 4811 1264 4880 ἐπειδὴ
1295 4811 1444 4892 εὗρον
1487 4810 1626 4868 ἄλλα
1653 4810 1849 4868 πλοιά-

187 4929 276 4991 ρια
310 4904 376 4961 έκ
431 4911 524 4961 τοῦ
583 4903 745 4984 πέραν
794 4902 1035 4978 ξλθόντα,
1069 4900 1324 4991 ἐνέϐησαν
1370 4901 1424 4991 έν
1467 4899 1731 4991 ἐκείνοις,
1765 4903 1852 4957 καὶ

190 4988 267 5061 εἷς
351 4994 708 5072 Καπερναοὺμ
759 4991 1071 5071 διεπέρασαν
1104 5007 1122 5024 ⁸
1183 4990 1303 5048 ἔνθα
1372 4988 1428 5046 δὲ
1497 4991 1589 5046 τὸν
1659 4989 1849 5067 Κύριον

193 5084 464 5165 εὑρόντες,
520 5081 580 5137 06
624 5082 1038 5160 προσπίπτουσι,
1097 5081 1186 5138 καὶ
1228 5077 1432 5136 δέονται
1490 5081 1681 5154 μαθεῖν
1732 5078 1848 5144 πῶς

187 5171 378 5252 διέϐη,
428 5167 544 5227 οὐδὲ
588 5177 804 5243 ζητοῦσι
847 5173 965 5251 περὶ
1033 5171 1220 5228 τοῦτου
1274 5175 1368 5226 106
1423 5168 1667 5244 σημείου⁹
1725 5165 1847 5224 ἀλλ’

194 5265 340 5326 οὕτω
385 5260 602 5340 χαύνως
647 5260 774 5341 φασί
806 5275 820 5290 ⁶
874 5283 901 5316 ι
946 5260 1083 5318 Πότε
1113 5258 1212 5316 ώδε
1257 5257 1675 5338 παραγέγοναςς
1729 5277 1753 5312 ε
1793 5259 1853 5315 Οἱ

193 5358 297 5438 γὰρ
355 5356 638 5423 ζητοῦντες
680 5350 837 5408 αὺτὸν
888 5349 1120 5429 ἁρπάσαι
1169 5350 1260 5405 καὶ
1323 5349 1546 5414 ποιῆσαι
1602 5344 1844 5423 βασιλέα,

191 5433 456 5526 εὑρόντες,
500 5440 680 5519 αὑτὸν,
735 5436 883 5496 οὐδὲν
937 5440 1176 5496 τοιοῦτον
1234 5436 1591 5515 βουλεύονται³
1626 5433 1764 5526 ἀλλὰ
1786 5437 1848 5492 16

187 5525 367 5612 θαῦμα
445 5525 818 5600 έκϐάλλοντες,
877 5527 1050 5597 ἄλλης
1123 5530 1342 5599 ζητοῦσι
1398 5526 1662 5606 τραπέζης
1705 5525 1850 5583 ἀπο-

189 5626 403 5701 λαύειν,
435 5619 560 5684 οἵας
613 5621 702 5676 καὶ
753 5619 1031 5698 πρότερον.
1086 5620 1179 5674 Διδ
1227 5619 1315 5674 καὶ
1344 5613 1676 5686 ὀνειδίζονται
1707 5617 1848 5694 παρὰ

1935 4639 2236 4715 ingressus
2270 4635 2781 4697 transferat.Nunc
2810 4642 3006 4695 autem
3041 4652 3175 4694 cum
3211 4651 3327 4694 una
3349 4641 3576 4696 tantum

1933 4727 2271 4806 fuerit,qute
2290 4723 2611 4804 discipulos
2641 4722 2889 4797 solos,et
2907 4740 3023 4782 non
3051 4721 3370 4784 Dominum
3394 4739 3578 4784 exce-

1933 4815 2133 4897 perit,
2181 4814 2318 4875 587
2364 4812 2742 4874 manifestum
2801 4819 2891 4871 est
2959 4810 3334 4872 miraculum.
3397 4811 3581 4890 Igitur

1936 4904 2124 4967 turbae
2153 4905 2277 4966 hac
2308 4901 2752 4974 intellexerunt;
2776 4912 2838 4961 et
2867 4908 2998 4980 post
3025 4899 3382 4960 invenerunt
3433 4899 3580 4962 alias

1935 5014 2113 5056 naves
2157 5011 2288 5074 quas
2313 4993 2691 5072 trajecerant,
2725 4999 2786 5051 et
2832 4989 3232 5052 ascenderunt
3258 4987 3320 5049 in
3362 4989 3492 5050 illas
3522 4997 3582 5050 et

1931 5085 1994 5146 in
2025 5082 2393 5164 Capernaum
2426 5080 2905 5142 transfretarunt.
2939 5078 3064 5141 Illic
3098 5085 3294 5139 autem
3340 5076 3582 5140 invento

1931 5172 2205 5244 Domino,
2240 5190 2360 5232 non
2390 5168 2728 5251 supplicant
2758 5177 2816 5230 et
2847 5174 3051 5247 rogant
3083 5174 3148 5228 ut
3171 5165 3400 5228 discant
3428 5184 3582 5247 quo-

1938 5263 2114 5326 modo
2137 5258 2459 5332 transierit,
2495 5275 2691 5338 neque
2719 5263 2988 5338 quaerunt
3006 5255 3080 5316 de
3112 5254 3223 5314 hoc
3247 5254 3440 5332 signo,
3472 5254 3584 5317 sed

1934 5350 2186 5413 remisse
2218 5349 2459 5411 dicunt:
2500 5372 2522 5402 «ι
2561 5345 2808 5419 Quando
2839 5345 2954 5406 huc
2978 5341 3221 5405 venisti?
3259 5368 3278 5398 ι
3309 5340 3454 5405 Nam
3487 5344 3588 5424 qui

1935 5438 2282 5522 quaerebant
2310 5438 2472 5500 illum
2496 5452 2706 5517 rapere
2723 5443 2784 5496 et
2805 5437 3002 5496 facere
3020 5433 3490 5510 regem,invento
3509 5449 3584 5522 eo

1935 5521 2080 5591 nihil
2114 5527 2230 5590 tale
2255 5525 2612 5598 deliberant;
2647 5525 2752 5586 sed
2800 5523 3031 5610 abjecto
3063 5521 3346 5583 miraculo
3379 5521 3582 5602 inqui-

1932 5624 2073 5680 runt
2103 5617 2288 5693 magis
2319 5616 2436 5680 frui
2463 5631 2668 5676 mensa
2698 5613 2811 5674 alia
2837 5613 2997 5693 quali
3028 5619 3087 5672 et
3109 5610 3594 5691 priuszpropter-
