4116 6318
259 421 411 487 1297

940 419 1384 485 ENARBATIO
1428 419 1513 483 IN
1557 416 2065 483 EVANGELIUM
2106 420 2447 485 IOANNIS.
2498 452 2572 466 -—
2616 416 2781 485 CAP.
2842 418 2949 485 VI.

3483 418 3638 484 i298

255 578 413 630 σητε,
478 558 591 618 πῶς
666 555 899 631 σήμερον
985 553 1359 633 ἐργασάμενοι,
1438 551 1611 630 αὔριον
1661 550 1900 608 ἀναπαύ-

1998 554 2334 634 quotidiana
2366 554 2713 635 operatione
2746 561 3133 634 parantes,ne
3151 539 3391 616 solliciti
3410 555 3539 615 sitis
3554 556 3632 617 de

254 649 404 704 σεσθε
441 661 454 676 ·
501 642 620 701 ἀλλ’
681 644 913 711 ἑκάστης
966 643 1169 722 ὴμέρας
1237 642 1435 722 τροφὴν
1505 640 1567 698 ἐκ
1621 639 1720 708 τῆς
1789 640 1908 698 καθ’

251 735 454 814 ἡμέραν
517 733 760 813 ἐργασίας
819 731 1062 813 ἔχοντες,
1131 733 1207 808 μὴ
1289 730 1576 809 μεριμνᾶτε
1634 732 1755 808 περὶ
1809 736 1907 797 τῆς

252 822 457 902 αὔριον.
530 823 733 898 Βρῶσιν
790 819 846 878 δὲ
924 821 1208 896 μένουσαν,
1265 821 1367 887 τὴν
1446 821 1701 894 μυστικὴν
1763 818 1907 896 λέγει

260 912 567 988 μετάληψιν
622 917 721 979 τῆς
781 913 975 986 σαρκὸς
1024 914 1117 968 τοῦ
1152 910 1359 989 Κυρίου,
1393 907 1460 977 ἢν
1493 909 1644 972 αὐτὸς
1673 911 1809 984 ἡμῖν
1834 907 1912 964 δί-

255 1001 449 1076 δωσιν,
512 1003 628 1064 Υἱὸς
689 1001 965 1080 ἀνθρώπου
1007 998 1316 1078 γενόμενος,
1351 998 1407 1053 ὃν
1439 999 1467 1053 6
1500 997 1683 1075 Πατὴρ
1714 997 1910 1076 ἐσφρά-

257 1112 397 1169 γισε,
488 1089 781 1170 τουτέστιν,
869 1087 1158 1159 ἀπέδειξεν,
1220 1084 1555 1159 ἐϐεϐαίωσεν,
1612 1085 1693 1142 ὅτι
1770 1085 1910 1143 ἔστιν

261 1182 380 1243 Υἱὸς
442 1179 621 1240 αὖτοῦ.
685 1176 950 1244 Ἀπέδειξε
1008 1178 1105 1253 μὲν
1185 1178 1285 1255 γὰρ
1343 1176 1430 1231 καὶ
1512 1174 1667 1238 αὐτὸς
1726 1176 1912 1231 ἑαυτὸν

255 1270 284 1325 6
318 1270 542 1347 Χριστὸς
597 1266 681 1325 διὰ
710 1274 816 1324 τῶν
844 1267 1124 1343 θαυμάτων
1161 1282 1175 1297 ⁸
1211 1264 1326 1322 ἐπεὶ
1373 1262 1427 1319 δὲ
1470 1265 1601 1341 πρὸς
1635 1262 1908 1325 Ἰουδαίους

260 1356 587 1434 διαλέγεται,
661 1356 756 1412 ἵνα
809 1357 887 1431 μὴ
954 1358 1316 1435 ταραχθῶσιν,
1389 1352 1474 1408 ἐπὶ
1541 1353 1633 1407 τὸν
1704 1351 1910 1427 Πατέρα

260 1446 568 1526 ἀνατρέχει,
628 1446 717 1503 καί
776 1466 929 1526 φησι,
976 1440 1101 1523 παρ’
1149 1444 1307 1499 αὑτοῦ
1339 1440 1701 1520 ἐσφραγίσθαι,
1752 1460 1909 1495 τουτ-

262 1534 426 1604 έστιν,
508 1531 914 1614 ἀποδεδεῖχθαι,
1020 1533 1475 1610 μεμαρτυρῆσθαι.
1580 1527 1731 1586 Ἐπεὶ
1825 1529 1912 1584 καὶ

259 1624 415 1679 εἰκών
471 1626 583 1679 ἐστι
640 1625 734 1679 τοῦ
794 1624 996 1701 [ἰατρὸς
1027 1623 1055 1677 6
1090 1622 1236 1695 Υἱὸς,
1292 1620 1379 1675 καὶ
1437 1618 1765 1697 σφράγισμα,
1824 1618 1910 1673 καὶ

265 1714 574 1793 χαρακτὴρ,
661 1714 767 1769 νόει
852 1708 975 1783 παρ’
1036 1711 1193 1769 αὐτοῦ
1264 1707 1645 1789 σφραγισθῆναι
1704 1713 1910 1784 τοῦτον,

260 1805 378 1862 καθ’
439 1807 467 1861 ὃ
523 1806 678 1862 εἰκὼν
747 1806 836 1861 καὶ
882 1802 1181 1884 σφρύγισμά
1242 1801 1385 1858 ἐστιν
1419 1820 1431 1831 '
1483 1799 1621 1856 ὥστε
1665 1799 1814 1856 εἶναϊ
1854 1801 1913 1855 τὸ

264 1893 554 1972 λεγόμενον
617 1902 854 1952 τοιοῦτον
891 1914 906 1931 ο
994 1899 1188 1951 Τοῦτον
1262 1892 1362 1968 γὰρ
1438 1892 1529 1947 τὸν
1600 1889 1915 1970 φαινόμενον

1990 643 2269 707 crastino.
2303 643 2513 708 Cibum
2534 652 2731 706 autem
2759 652 3122 725 manentem,
3160 643 3463 724 mysticam
3489 642 3633 705 dicit

1990 734 2389 812 sumptionem
2441 734 2634 795 carnis
2662 733 2921 806 Domini,
2956 752 3131 814 quam
3172 732 3344 793 nobis
3374 733 3501 810 ipse
3531 733 3631 793 dat

1992 821 2175 885 Filius
2206 822 2463 884 hominis
2493 823 2705 893 factus,
2741 842 2917 904 quem
2950 826 3122 884 Pater
3148 821 3495 900 obsignavit,
3522 823 3636 885 hoc

1994 918 2084 972 est
2113 911 2368 973 ostendit
2396 919 2453 972 et
2483 912 2852 973 conﬁrmavit
2882 911 3037 992 quod
3069 910 3349 973 sitFilius
3380 929 3541 991 suus;
3579 920 3638 973 et

1992 998 2119 1079 ipse
2148 999 2388 1079 quidem
2416 1000 2687 1063 Christus
2717 1001 2973 1062 ostendit
3001 1020 3067 1062 se
3089 1018 3195 1080 per
3218 1000 3635 1074 miracula;sed

1992 1089 2130 1169 quia
2151 1107 2283 1150 cum
2312 1089 2529 1152 Iudaeis
2561 1090 2842 1170 loquitur,
2866 1098 2928 1152 ut
2962 1108 3036 1151 ne
3058 1089 3390 1162 turbentur,
3416 1089 3486 1150 ad
3525 1092 3637 1151 Pa-

1993 1183 2142 1237 trem
2173 1179 2448 1257 recurrit,
2485 1186 2542 1239 et
2573 1179 2719 1241 dicit
2768 1178 2839 1239 ab
2888 1179 2989 1240 illo
3040 1198 3104 1240 se
3152 1180 3446 1257 signatum
3481 1196 3633 1254 esse,

1994 1266 2107 1327 hoc
2137 1273 2244 1333 est.
2284 1276 2670 1330 monstratum
2733 1279 2791 1330 et
2829 1267 3184 1330 testimoniis
3218 1268 3630 1328 conﬁrmatum

1996 1355 2293 1433 esse;quia
2323 1367 2383 1417 et
2408 1358 2596 1435 imago
2630 1365 2719 1418 est
2749 1359 2935 1420 Patris
2968 1356 3238 1433 Filius,et
3268 1357 3636 1435 signaculum

1998 1451 2055 1505 et
2084 1443 2412 1525 character,
2438 1446 2706 1520 intellige
2736 1445 2812 1507 ab
2842 1446 2943 1505 illo
2976 1446 3136 1508 hunc
3165 1446 3637 1526 signatum,qua-

1998 1540 2171 1592 tenus
2205 1532 2396 1611 imago
2446 1543 2503 1595 et
2540 1533 2796 1612 sigillum
2832 1543 2943 1608 est;
2980 1542 3036 1594 et
3066 1535 3143 1594 ita
3173 1553 3236 1594 se
3267 1535 3447 1596 habet
3478 1535 3639 1613 quod

1995 1620 2332 1700 dicit,Hunc
2360 1622 2518 1682 enim
2550 1622 2654 1702 qui
2684 1620 2994 1683 videbatur
3022 1622 3206 1684 Filius
3236 1622 3516 1693 hominis,
3553 1624 3638 1683 si—

1996 1710 2188 1786 gnavit
2218 1712 2412 1791 Pater,
2450 1711 2562 1772 hoc
2611 1718 2697 1772 cst
2735 1710 3106 1789 signaculum
3140 1730 3308 1771 suum
3339 1718 3396 1771 et
3424 1711 3635 1789 imagi-

1998 1817 2133 1861 nem
2167 1799 2388 1877 genuit,
2422 1818 2556 1880 qnae
2604 1799 2851 1862 haberet
2880 1801 2939 1860 in
2971 1818 3037 1861 se
3087 1818 3262 1861 omne
3303 1800 3459 1877 quod
3508 1800 3637 1879 ipse

1998 1888 2276 1969 habebat,
2308 1896 2365 1949 et
2393 1890 2721 1950 naturalem
2746 1908 2882 1951 cum
2913 1889 3043 1969 ipso
3075 1889 3473 1951 identitatem.

274 1987 396 2039 ι’ίὸν
427 1983 725 2064 ἀνθρώπου,
758 1982 1072 2064 ἐσφράγισεν
1115 1983 1142 2037 ὁ
1175 1981 1382 2057 Πατὴρ,
1409 1977 1672 2054 τουτέστι,
1704 1976 1970 2059 σφραγῖδα
2028 1981 2186 2036 αὐτοῦ
2215 1981 2299 2035 καὶ
2359 1980 2532 2036 εἰκόνα
2579 1980 2850 2060 ἐγέννησε,
2896 1979 3288 2059 ἀπαραλλαξίαν
3332 1987 3506 2035 πᾶσαν
3551 1983 3639 2036 καὶ

259 2074 559 2141 ταοτότητα
588 2076 815 2153 φυσικὴν
847 2074 976 2151 πρὸς
1019 2072 1174 2128 αύτὸν
1218 2070 1617 2139 ἀποσωζουσαν.

355 2186 376 2218 ι
430 2168 601 2221 Εἶπον
663 2165 751 2218 οὖν
796 2164 928 2243 πρὸς
982 2160 1137 2220 αὒτόν
1172 2178 1188 2195 ⁸
1235 2161 1294 2217 Τί
1336 2161 1599 2234 ποιῶμεν,
1642 2157 1734 2215 ἵνα
1766 2158 1914 2236 ἔργα·

2077 2157 2261 2220 VERS.
2293 2156 2509 2221 28—30.
2539 2156 2858 2219 «Dixerunt
2887 2176 3024 2236 ergo
3055 2158 3127 2219 ad
3162 2175 3298 2220 eum
3326 2156 3510 2229 :Quid
3542 2158 3637 2219 l‘a—

262 2256 472 2328 ζωμεθα
542 2254 608 2307 τὰ
670 2252 798 2331 ἔργα
857 2258 951 2308 τοῦ
1007 2256 1190 2325 Θεοῦ;
1254 2248 1541 2327 Ἀπεκρίθη
1605 2250 1633 2304 6
1682 2245 1911 2325 Ἰησοῦς,

1998 2245 2222 2308 ciemus
2242 2255 2305 2308 ut
2332 2265 2652 2327 operemur
2680 2265 2861 2327 opera
2884 2246 3352 2327 Dei‘iﬂespondit
3378 2249 3552 2308 Jesus
3584 2256 3643 2311 et

263 2344 352 2399 καὶ
408 2342 566 2398 εἶπεν
612 2344 792 2403 αὺτοῖς
827 2360 839 2373 ⁸
888 2340 1055 2399 Τοῦτό
1113 2338 1223 2396 ἐστι
1254 2340 1315 2395 τὸ
1344 2337 1497 2416 ἔργον
1517 2345 1609 2395 τοῦ
1640 2345 1791 2409 Θεοῦ,
1823 2336 1914 2392 ἵνα

1998 2332 2144 2395 dixit
2165 2333 2251 2395 eis
2280 2354 2294 2395 :
2323 2335 2446 2398 Hoc
2487 2344 2575 2396 est
2619 2354 2768 2416 opus
2816 2336 2941 2412 Dei,
2976 2343 3040 2397 ut
3088 2335 3348 2397 credatis
3392 2336 3452 2396 in
3498 2354 3635 2398 eum

264 2432 581 2498 πιστεύσητε
642 2432 713 2497 εἰς
772 2432 830 2486 ὃν
898 2427 1210 2486 ἀπέστειλεν
1293 2428 1524 2489 ἐκεῖνος.
1585 2426 1757 2498 Εἶπον
1829 2427 1914 2481 οὗδ

2000 2440 2175 2501 quem
2209 2423 2373 2487 misit
2426 2424 2549 2486 ille.
2587 2424 2872 2487 Dixerunt
2899 2444 3037 2503 ergo
3064 2425 3155 2487 ei:
3192 2423 3355 2495 Quod
3412 2442 3550 2504 ergo
3584 2432 3645 2487 tu

262 2522 406 2595 αὒτῷ
443 2537 457 2552 ⁸
517 2520 576 2578 Τί
632 2522 719 2577 οὗν
763 2532 940 2583 ποιεῖς
998 2519 1060 2574 σὺ
1119 2530 1376 2596 σημεῖον,
1427 2514 1522 2571 ενα
1574 2512 1796 2591 ἴδωμεν,
1829 2508 1914 2571 καὶ

1999 2512 2143 2574 facis
2188 2515 2419 2591 signum
2456 2521 2519 2574 ut
2545 2513 2847 2576 videamus
2895 2522 2952 2576 et
2984 2513 3302 2576 credamus
3327 2513 3465 2574 tibi?
3498 2515 3642 2595 quid

264 2608 629 2684 πιστεύσωμέν
687 2630 817 2681 σοι;
876 2610 935 2667 Τί
1020 2606 1216 2688 ἐργάζῃ
1250 2623 1268 2681 ;
1308 2627 1330 2661 ι
1398 2606 1653 2670 Ζητοῦσιν
1702 2607 1748 2661 οἱ
1777 2603 1914 2661 ἰου-

2002 2601 2296 2681 operaris‘?
2324 2627 2344 2657 η
2384 2602 2666 2674 Quaerunt
2708 2602 2899 2666 Judaei
2932 2603 3162 2665 discere
3184 2622 3332 2682 opus
3357 2602 3487 2683 Dei,
3522 2622 3642 2664 non

264 2695 406 2754 δατοι
441 2701 631 2772 μαθεῖν
657 2699 719 2754 τὸ
777 2696 930 2775 ἔργον
988 2702 1081 2752 τοῦ
1114 2695 1272 2775 Θεοῦ,
1306 2697 1411 2774 οὐχ
1450 2692 1546 2749 ἵνα
1578 2692 1731 2749 τούτο
1774 2694 1914 2770 πρα-

2002 2698 2065 2750 υι
2096 2691 2208 2751 hoc
2239 2690 2476 2765 faciant,
2509 2690 2614 2751 sed
2657 2700 2720 2751 ut
2762 2693 3136 2753 occasionem
3169 2692 3638 2771 apprehendant.

266 2784 446 2861 ξωσιν,
501 2784 618 2843 αλλ’
668 2786 761 2846 ἵνα
817 2784 1101 2866 δράξωνται
1152 2782 1420 2863 ἀφορμάς.
1470 2780 1635 2846 Εἰδὼς
1684 2780 1775 2837 οὖν
1819 2782 1914 2836 αύ-

1999 2777 2285 2840 Dominus
2317 2789 2510 2841 autem
2539 2780 2806 2861 quamvis
2837 2781 3013 2843 sciret
3047 2800 3147 2843 eos
3178 2780 3396 2841 nullam
3420 2781 3642 2842 utilita-

267 2876 387 2941 τοὺς
437 2874 602 2951 μηδὲν
633 2874 1175 2955 ὠφεληθησομένους,
1216 2871 1364 2947 ὅμως
1421 2871 1505 2927 διὰ
1545 2872 1605 2927 τὸ
1659 2892 1912 2950 κοινωφε-

2002 2875 2119 2929 tem
2154 2876 2561 2948 percepturos,
2600 2870 2904 2948 respondit
2937 2879 3128 2931 tamen
3174 2888 3278 2949 per
3311 2869 3640 2931 doctrinam

272 2962 364 3027 λὲς
417 2970 513 3030 τῆς
573 2962 911 3029 διδασκαλίας
977 2962 1334 3039 ἀποκρίνεται,
1412 2961 1498 3017 καὶ
1567 2958 1914 3016 ὑποδείκνυσιε.

2008 2956 2213 3017 utilem
2237 2956 2535 3038 omnibus,
2562 2966 2619 3019 et
2651 2959 2906 3020 ostendit
2935 2960 3042 3039 eis,
3076 2959 3194 3019 imo
3226 2958 3505 3021 omnibus
3530 2960 3643 3020 ho-

272 3054 483 3131 αὺτοῖς,
532 3051 733 3128 μᾶλλον
778 3050 834 3107 δὲ
893 3057 1053 3108 πᾶσιν
1109 3049 1427 3126 ἀνθρώποις,
1475 3047 1554 3104 ὅτι
1611 3046 1764 3103 τοῦτό
1814 3046 1914 3102 ἐστι

2012 3044 2291 3119 minibus,
2323 3047 2479 3126 quod
2518 3046 2628 3108 hoc
2677 3046 2752 3107 sit
2795 3066 2943 3127 opus
2975 3046 3081 3109 Dei
3114 3048 3362 3109 credere
3418 3048 3476 3109 in
3509 3066 3642 3110 eum

270 3142 330 3196 τὸ
363 3140 512 3220 ἔργον
571 3140 663 3197 τοῦ
718 3147 871 3211 Θεοῦ,
916 3142 977 3195 τὸ
1034 3139 1299 3195 πιστεύειν
1349 3139 1422 3201 εἰς
1451 3138 1509 3194 ὃν
1541 3137 1744 3200 ἐκεῖνος
1786 3135 1914 3191 ἀπέ-

2009 3152 2183 3213 quem
2209 3132 2313 3195 ilIe
2348 3134 2522 3198 misit.
2558 3134 2705 3197 Nam
2741 3136 2888 3197 ﬁdes
2920 3154 3057 3215 erga
3099 3136 3287 3207 illum,
3325 3155 3471 3216 opus
3501 3156 3643 3216 pro-

266 3229 496 3291 στειλεν,
564 3221 625 3286 Ἠ
670 3230 769 3308 γὰρ
835 3230 906 3294 είς
964 3228 1123 3284 αὐτὸν
1154 3229 1358 3301 πίστις,
1393 3225 1542 3305 ἔργον
1574 3224 1740 3289 ὄντως
1788 3225 1914 3302 ἱερόιι

2011 3223 2166 3285 fecto
2198 3235 2291 3283 est
2320 3232 2585 3285 sanctum
2620 3232 2676 3285 et
2706 3225 3125 3304 perfectum,et
3146 3226 3523 3286 sanctiﬁcaus
3546 3245 3649 3287 eos

266 3340 322 3373 τε
372 3320 459 3374 καὶ
514 3316 739 3392 τέλειον,
795 3318 882 3373 καὶ
964 3316 1181 3395 ἁγιάζον
1238 3316 1360 3378 τοὺς
1430 3315 1629 3380 ταύτην
1674 3313 1914 3392 ἔχοντας.

2009 3312 2111 3392 qui
2139 3311 2300 3372 illam
2341 3312 2581 3374 habent.
2618 3316 2739 3375 Dux
2773 3314 2926 3373 enim
2979 3314 3040 3375 ﬁt
3087 3314 3338 3391 diligens
3386 3314 3532 3375 ﬁdes
3574 3313 3647 3376 ad

268 3399 495 3484 Ὀόηγὸς
555 3409 655 3487 γὰρ
713 3408 913 3485 γίνεται
956 3408 990 3474 ἡ
1048 3403 1270 3476 ἀκριϐὴς
1325 3413 1498 3468 πίστις
1571 3405 1700 3484 πρὸς
1750 3408 1914 3458 πᾶσακ

2007 3417 2247 3461 omnem
2283 3400 2497 3462 bonam
2525 3400 3189 3483 operationem,ethoua
3214 3402 3476 3482 operatio
3501 3422 3647 3464 con-

266 3496 471 3573 ἀγαθην
548 3496 815 3574 ἐργασίαν,
904 3497 992 3553 καὶ
1065 3497 1099 3562 ἡ
1160 3494 1332 3572 ἀγαθὴ
1408 3493 1624 3574 ἐργασία
1674 3507 1914 3567 συντηρεῑ

2008 3496 2202 3550 servat
2232 3488 2435 3551 ﬁdem.
2478 3515 2500 3545 α
2536 3489 2679 3551 Nam
2734 3499 2792 3552 et
2839 3509 3019 3571 opera
3066 3492 3196 3553 sine
3254 3491 3369 3551 ﬁde
3420 3499 3650 3554 mortua

276 3587 372 3653 τὴν
430 3586 628 3658 πίστιν,
662 3606 685 3641 (ι
737 3586 813 3643 Τά
867 3606 924 3641 τε
975 3585 1075 3665 γὰρ
1119 3583 1247 3664 ἔργα
1306 3582 1429 3661 ἄτερ
1480 3588 1709 3646 πίστεως
1740 3581 1914 3660 νεκρὰ,

2010 3583 2168 3651 sunt,
2207 3586 2264 3638 et
2294 3578 2441 3639 ﬁdes
2463 3579 2591 3640 sine
2622 3578 2904 3657 operibus
2927 3580 3201 3641 45.nVide
3230 3588 3425 3642 autem
3448 3580 3645 3659 ingra-

269 3676 358 3732 καὶ
404 3677 438 3742 ἡ
483 3674 658 3739 πίστις
717 3677 884 3755 χωρὶς
936 3663 1131 3754 ἔργων.
1172 3697 1194 3731 It
1262 3663 1409 3754 "0p:
1436 3671 1491 3728 δὲ
1545 3672 1914 3749 ἆγνωμοσύνηη

2010 3664 2321 3726 titudinem
2354 3667 2787 3728 insensatorum
2814 3688 2827 3727 :
2855 3668 3085 3744 signum
3114 3667 3327 3728 iterum
3354 3676 3644 3749 quaerunt,

267 3765 357 3820 καὶ
403 3754 795 3831 ἀναισθησίαν·
847 3775 1081 3838 σημεῖον
1138 3761 1298 3820 πάλιν
1337 3769 1583 3833 ζητοῦσιν
1612 3762 1659 3817 ot
1698 3761 1914 3816 τοσαῦτα

2011 3754 2278 3836 quamvis
2309 3762 2470 3817 tanta
2500 3763 2558 3816 et
2590 3756 2726 3816 talia
2754 3755 3027 3829 viderint,
3060 3764 3115 3816 et
3146 3758 3401 3818 maxime
3433 3775 3649 3835 panum

266 3857 352 3909 καὶ
407 3859 706 3918 τηλικαῦτα
765 3851 987 3930 ἰδόντες,
1048 3853 1139 3909 καὶ
1205 3854 1267 3908 τὸ
1311 3858 1417 3908 τῶν
1477 3849 1648 3927 ἄρτων
1723 3846 1914 3923 μᾶλλοκ

2013 3844 2227 3925 quibus
2258 3846 2497 3906 saturati
2526 3846 2781 3908 fuerant.
2802 3847 2955 3908 Vere
2985 3847 3372 3926 gastrimargi,
3408 3848 3509 3927 qui
3532 3848 3647 3910 ite-

268 3941 358 4023 ἀφ’
401 3943 475 3999 ὧν
534 3942 914 4021 ἐκορέσθησαν.
974 3934 1067 4007 Ὠς
1126 3941 1508 4021 γαστρίμαργοι
1583 3941 1692 4018 οὖν,
1764 3936 1914 3993 πάλιν

2005 3952 2135 3994 rum
2167 3934 2399 4023 signum
2437 3934 2549 3995 tale
2573 3943 2866 4016 quaerunt,
2903 3935 3059 4015 quod
3091 3935 3279 3997 ventri
3312 3938 3643 4016 prodesset:

268 4038 508 4089 τοιοῦτον
569 4032 774 4088 αίτοῦσι
836 4046 1092 4112 σημεῖον,
1154 4033 1225 4095 είς
1279 4030 1508 4110 γαστέρα
1566 4031 1749 4091 αὐτοῖς
1781 4049 1914 4102 συμ-

2004 4029 2064 4085 et
2094 4022 2248 4112 quod
2283 4022 2394 4084 hoc
2426 4023 2502 4083 sit
2534 4041 2759 4101 verum,
2792 4023 2932 4085 589
2961 4025 3331 4086 manifestum
3359 4033 3538 4088 estex
3560 4045 3653 4090 se-

267 4117 621 4195 6αλλόμενον.
685 4110 816 4177 ῃΟτι
866 4119 921 4176 δὲ
1009 4110 1164 4178 τοῦτο
1237 4117 1455 4193 ἀληθὲς,
1500 4114 1661 4183 δῆλον
1703 4114 1764 4171 ἐκ
1819 4120 1914 4171 τῶκ

2006 4110 2346 4193 quentibus.

269 4208 413 4275 ἑξῆς.
2503 4244 2511 4253 .

353 4320 376 4351 ε
414 4300 475 4356 0i.
533 4297 758 4377 πατέρες
811 4299 968 4374 ἡμῶν
1004 4302 1067 4355 τὸ
1096 4298 1268 4373 μάννα
1296 4295 1493 4378 ἔφαγον
1535 4292 1589 4350 ἐν
1617 4297 1685 4370 τῇ
1714 4291 1914 4372 ἐρήμῳ,

2086 4291 2342 4356 Vans.3l
2357 4295 2492 4357 -34,
2507 4298 2745 4358 «Patres
2764 4298 2952 4357 nostri
2971 4298 3472 4360 manducaverunt
3495 4317 3655 4360 man-

269 4386 439 4450 καθώς
494 4385 604 4442 ἐστι
649 4388 1016 4466 γεγραμμένον
1052 4403 1065 4417 ’
1128 4385 1333 4465 ’Ἄρτον
1415 4386 1477 4440 ἐκ
1546 4389 1640 4440 τοῦ
1708 4380 1914 4461 οὐρανοί

2006 4400 2081 4444 na
2103 4382 2163 4443 in
2194 4383 2459 4462 deserto,
2489 4386 2642 4445 sicut
2672 4385 2957 4466 scriptum
2990 4396 3115 4447 est:
3155 4390 3377 4450 Panem
3404 4389 3474 4449 de
3500 4390 3650 4451 coelo

271 4472 467 4531 ἔδωκεν
528 4478 709 4539 αὐτοῖς
768 4489 985 4556 φαγεῖν.
1036 4480 1203 4534 Εἶπεν
1252 4481 1341 4532 οὖν
1373 4473 1555 4537 αὐτοῖς
1599 4474 1627 4528 6
1669 4471 1874 4536 Ἰησοῦς
1912 4504 1914 4515 ι

2013 4471 2177 4534 dedit
2219 4474 2305 4534 eis
2357 4473 2429 4554 ad
2462 4474 2784 4538 edendum.
2839 4474 2991 4537 Dixit
3039 4476 3125 4537 eis
3178 4479 3352 4537 Jesus
3386 4498 3398 4539 :
3433 4477 3649 4558 Amen,

268 4563 469 4641 Ἀμὴν,
500 4564 646 4639 ἀμην
702 4564 847 4643 λέγω
907 4568 1062 4645 ὑμῖν,
1108 4566 1166 4622 οὒ
1197 4568 1399 4630 Μωσῆς
1430 4559 1652 4618 δέδωκεν
1682 4561 1811 4635 ὑμῖν
1840 4561 1914 4615 τὸς

2012 4579 2186 4622 amen
2217 4560 2348 4623 dico
2386 4563 2587 4625 vobis:
2625 4583 2740 4625 non
2797 4565 2992 4626 Moses
3044 4565 3205 4626 dedit
3261 4566 3426 4626 vobis
3484 4566 3654 4630 illum

266 4651 422 4731 ἄρτον
476 4653 538 4709 ἐκ
580 4655 671 4710 τού
730 4657 951 4730 ούρανοῦ
982 4670 996 4684 ⁸
1059 4652 1183 4709 ἀλλ’
1239 4654 1268 4708 6
1322 4652 1505 4729 Πατήρ
1563 4672 1667 4725 μου
1714 4646 1914 4735 δίδωσι·

2016 4668 2224 4730 panem
2258 4652 2333 4713 de
2366 4653 2535 4734 caelo,
2569 4652 2674 4715 sed
2708 4655 2878 4715 Pater
2909 4673 3077 4716 meus
3109 4655 3205 4717 dat
3234 4655 3396 4717 vobis
3440 4676 3654 4735 panem

265 4741 397 4816 ὑμῖν
453 4743 545 4798 τὸν
577 4742 733 4809 ἄρτον
781 4743 843 4800 ἐκ
890 4750 985 4801 τοῦ
1016 4744 1234 4822 ούρανοῦ
1277 4742 1369 4797 τὸν
1400 4738 1670 4807 ἀληθινόν.
1713 4729 1770 4796 Ὀ
1828 4738 1914 4815 γὰρ

2013 4729 2088 4800 de
2108 4740 2260 4802 caelo
2284 4729 2689 4804 verumPanis
2712 4745 2868 4804 enim
2896 4746 2999 4805 Dei
3018 4744 3236 4823 est,qui
3259 4745 3331 4805 de
3348 4729 3494 4807 coelo
3518 4746 3657 4807 des-

266 4828 422 4909 ἇίρτος
476 4832 569 4888 τοῦ
623 4840 752 4889 Θεοῦ
812 4833 960 4890 ἐστιν
1003 4834 1030 4889 6
1073 4828 1401 4887 καταϐαίνων
1451 4829 1513 4885 ἐκ
1558 4837 1649 4887 τοῦ
1681 4829 1914 4906 οὐρανοῦ¹

2009 4828 2294 4909 cendit,et
2323 4830 2419 4890 dat
2448 4830 2621 4891 vitam
2657 4811 3195 4893 mundoDixerunt
3226 4851 3365 4911 ergo
3396 4834 3466 4894 ad
3489 4853 3647 4899 eum:

265 4920 355 4975 καὶ
404 4920 548 4990 ζωὴν
605 4919 773 4985 διδοὺς
818 4928 896 4997 τῷ
936 4923 1143 4996 κόσμῳ.
1196 4922 1361 4975 Εἶπον
1406 4916 1494 4973 οὗν
1534 4917 1666 4995 πρὸς
1715 4915 1871 4975 αὐτόν
1908 4966 1914 4980 ,

2011 4916 2531 4996 Domine,semper
2547 4919 2618 4980 da
2652 4920 2822 4982 nobis
2854 4941 3066 5001 panem
3086 4921 3317 4983 istum.-
3342 4924 3475 4985 Non
3494 4922 3654 4984 frus-

271 5030 299 5062 ιι
338 5008 511 5088 Κύριε,
585 5010 813 5068 πάντοτε
870 5009 957 5075 δὸς
1002 5013 1142 5086 ἡμῖν
1200 5008 1289 5064 τὸν
1336 5003 1490 5086 ἄρτον
1520 5003 1753 5067 ’τοῦτον,
1792 5026 1815 5061 ι
1855 5007 1914 5062 Οί

2012 5015 2099 5067 tra
2118 5005 2375 5066 diximus
2409 5009 2562 5087 quod
2604 5010 2787 5071 ventri
2828 5009 3153 5071 servientes
3195 5011 3536 5087 qumrebant
3569 5013 3655 5072 si—

271 5097 446 5172 μάτην
507 5096 787 5177 ἐλέγομεν,
850 5099 931 5157 ὅτι
974 5103 1047 5165 ὡς
1096 5105 1165 5173 τῇ
1194 5096 1369 5169 κοιλίᾳ
1398 5094 1748 5166 δουλεύοντες,
1796 5094 1914 5165 ἐζή-

2007 5113 2185 5173 gnum
2230 5095 2401 5175 quale
2440 5105 2567 5158 erat
2620 5101 2851 5178 signum
2915 5117 3157 5179 panum.
3204 5098 3356 5161 Ecce
3398 5109 3455 5160 et
3498 5119 3660 5161 man.

274 5208 392 5241 τουν
454 5202 685 5263 σημεῖον
723 5208 736 5224 ⁸
774 5190 893 5247 οἷον
922 5192 990 5256 ἦν
1034 5191 1095 5247 τὸ
1126 5190 1229 5243 τῶν
1275 5184 1467 5264 ἄρτων.
1498 5182 1628 5242 Ἰδοὺ
1672 5191 1795 5263 γοῦν
1838 5191 1928 5240 τοὺ

272 5275 444 5348 μάννα
503 5277 823 5353 μέμνηνται,
882 5280 968 5335 καὶ
1041 5281 1140 5357 οὐχ
1203 5275 1378 5354 ἐτέρου
1429 5274 1570 5337 τινὸς
1637 5273 1924 5352 θαύματος,

269 5364 381 5421 εἴτε
437 5371 544 5420 τῶν
607 5367 924 5444 Αἰγυπτίων,
1002 5366 1114 5422 εἴτε
1176 5366 1281 5421 τῶν
1332 5364 1469 5420 κατὰ
1524 5362 1622 5429 τὴν
1682 5358 1929 5441 Ἐρυθρὰν

261 5452 556 5537 θάλασσαν.
629 5455 947 5528 Βουλόμενοι
1005 5456 1105 5535 γὰρ
1172 5453 1394 5533 ἐρεθίσαι
1452 5453 1631 5526 αὐτὸν,
1691 5450 1781 5507 ’ίνα
1843 5446 1930 5507 καὶ

275 5544 432 5607 αὐτὸς
474 5544 713 5602 τοιοῦτον
749 5559 977 5621 σημεῖον
1042 5546 1267 5619 ποιήσῃ,
1300 5542 1429 5617 ὅπερ
1485 5539 1705 5608 ἠδύνατο
1744 5543 1925 5603 αὖτοὺς

360 5701 421 5746 ιε
447 5701 569 5767 Jac.
608 5721 673 5787 η,
706 5707 805 5770 20.

2011 5202 2101 5244 na;
2124 5184 2491 5246 mentionem
2517 5186 2757 5261 faciunt,
2785 5199 2841 5250 et
2867 5207 2982 5249 non
3007 5188 3252 5249 alterius
3276 5190 3548 5251 miraculi
3570 5191 3659 5251 vel

2011 5273 2070 5332 in
2093 5271 2471 5354 [Egyptomel
2490 5274 2549 5336 in
2573 5276 2717 5336 mari
2738 5276 3253 5339 Rubro.Volenles
3273 5278 3430 5338 enim
3449 5278 3663 5342 incita-

2014 5380 2077 5423 re
2098 5380 2231 5422 eum
2259 5372 2319 5423 ut
2346 5374 2403 5425 et
2423 5364 2550 5446 ipse
2572 5365 2682 5426 tale
2704 5366 2933 5444 signum
2954 5366 3177 5428 faceret
3200 5387 3314 5446 quo
3339 5367 3663 5429 carnaliter

2013 5463 2420 5533 pascerentur,
2450 5458 2844 5519 recordantur
2863 5478 3095 5520 manna;
3119 5466 3361 5539 propter
3380 5460 3662 5522 immodi-

2012 5559 2138 5604 cam
2164 5543 2380 5622 gulam.
2418 5545 2565 5617 Quid
2590 5547 2765 5625 igitur
2793 5546 3082 5609 immensa
3100 5547 3202 5609 Dei
3225 5548 3513 5629 sapientia
3542 5550 3661 5611 Do-
