4116 6318
460 384 614 455 1909

1429 379 2025 446 THEOPHYLAOTI
2068 374 2479 440 BULGARIM
2525 377 2887 442 ARCHIEP.

3759 370 3941 440 1300

459 517 660 586 minus,
679 523 884 580 noster
913 514 1089 578 Jesus
1111 513 1380 582 Christus
1418 511 1744 594 respondet
1786 511 1909 574 eis?
1933 535 1959 567 α
1985 508 2115 572 Non

2219 509 2390 586 Ιρέψαι
2446 517 2738 589 σαρκικῶς,
2782 510 3081 586 μέμνηνται
3151 521 3244 570 τοὺ
3273 512 3444 585 μάννα
3501 511 3588 568 διὰ
3644 532 3939 588 γαστρι-

461 608 654 668 Moses
666 604 836 668 dedit
853 604 1018 668 vobis
1037 623 1265 684 panem,
1278 625 1305 663 ι
1317 604 1433 665 hoc
1448 611 1751 664 estverum
1766 619 1978 680 panem
1995 617 2112 661 non

461 693 804 757 deditvobis
819 693 1255 757 Moses.0mnia
1269 694 1427 755 enim
1451 710 1580 772 quae
1595 699 1734 752 tunc
1747 687 2118 769 ﬁebant,typi

462 796 633 848 erant
649 801 856 845 eorum
871 803 1005 864 quae
1023 802 1181 844 nunc
1199 782 1573 845 ﬁunt.Moses
1586 781 1742 840 enim
1759 781 2004 857 ﬁguram
2020 777 2117 839 ha.

463 871 913 943 bebatDei,veri
936 871 1330 953 spiritualium
1353 869 1754 933 Israelitarum
1787 867 1976 930 ducis.
2001 866 2116 928 Pa-

464 965 560 1026 nis
578 971 776 1024 autem
803 962 904 1023 ille
922 963 1108 1041 ﬁgura
1129 971 1223 1024 est
1243 960 1490 1040 mei,qui
1521 959 1596 1021 de
1613 959 1764 1021 coelo
1783 955 2114 1032 descendit,

468 1058 527 1113 et
547 1070 682 1112 vere
700 1069 897 1131 pasco,
926 1060 984 1112 et
1007 1069 1145 1112 vere
1171 1068 1327 1112 sum.
1357 1051 1647 1112 Caeterum
1673 1047 1822 1110 dicit
1846 1045 2118 1125 seipsum

467 1157 669 1202 verum
704 1157 939 1218 panem,
967 1158 1085 1200 non
1119 1138 1279 1216 quod
1312 1155 1528 1198 manna
1544 1137 1754 1199 falsum
1779 1135 1978 1207 fuerit,
2015 1132 2119 1195 sed

471 1228 612 1307 quia
643 1228 784 1288 illud
819 1228 1007 1306 ﬁgura
1036 1227 1144 1288 fuit
1175 1235 1236 1288 et
1257 1225 1492 1300 umbra,
1525 1246 1642 1287 non
1682 1226 1934 1305 ipsemet
1961 1222 2118 1284 veri-

474 1317 838 1397 tas.Proprie
865 1317 1023 1378 enim
1050 1333 1266 1377 manna
1294 1314 1633 1393 unigenitus
1661 1313 1844 1375 Filius
1871 1310 1971 1372 Dei
2003 1310 2124 1371 fac-

471 1416 566 1470 tus
587 1407 790 1475 homo,
820 1405 1064 1468 verbum
1085 1417 1146 1466 et
1164 1403 1389 1466 auditio
1417 1403 1845 1483 obstupescere
1875 1399 2119 1462 faciens.

473 1494 622 1560 Nam
648 1493 1292 1568 mannainterpretatur
1308 1494 1456 1573 quid
1472 1491 1802 1554 hoc?Judaei
1828 1490 1984 1551 enim
2001 1487 2123 1548 viso

475 1584 598 1658 illo,
624 1583 787 1664 quod
811 1582 1155 1644 cumulatim
1181 1582 1484 1660 deplutum
1507 1589 1665 1643 esset
1686 1589 1818 1641 ante
1835 1579 2125 1657 cujusque

477 1672 948 1746 tabernaculum,
976 1671 1366 1749 obstupefacti
1419 1670 1660 1731 insolito
1709 1680 1764 1731 et
1808 1667 2122 1748 peregrino

475 1758 1863 1843 spectaculo,interrogabantseinvicem‘hQuid
1889 1755 2116 1819 110046.»
2146 1796 2185 1845 Β

476 1852 763 1918 Dominus
812 1849 991 1930 igitur
1046 1851 1232 1912 factus
1282 1850 1461 1911 homo
1493 1847 1677 1910 Filius
1706 1848 1840 1923 Dei,
1883 1847 2010 1927 ipse
2036 1852 2127 1907 est

477 1958 712 2006 manna.
747 1939 908 2017 quod
967 1939 1282 2020 stupefecit
1336 1957 1568 2008 omnes,
1643 1939 1721 1999 ita
1759 1946 1824 1997 ut
1874 1936 2119 1998 dicant:

484 2053 507 2087 ε
537 2029 687 2102 Quid
723 2029 866 2092 hoc?
899 2055 924 2084 ι
951 2027 1261 2100 Quomodo
1284 2027 1468 2089 Filius
1491 2027 1596 2090 Dei
1630 2035 1687 2089 et
1713 2026 1899 2089 Filius
1929 2026 2125 2086 homi-

477 2117 602 2182 nis?
632 2117 940 2190 Quomodo
975 2137 1043 2179 ex
1077 2117 1310 2178 duobus
1363 2117 1617 2178 diversis
1663 2133 1780 2178 una
1829 2114 2129 2196 persona?

478 2208 620 2291 quid
651 2209 764 2270 boc
791 2205 1165 2285 mysterium?
1195 2206 1305 2269 Hic
1329 2207 1506 2287 igitur
1548 2205 1718 2288 panis
1765 2208 1878 2267 vita
1906 2223 2124 2267 senun-

479 2299 621 2362 dum
645 2304 911 2364 naturam
928 2296 1442 2376 exsistens,utpote
1454 2295 1698 2357 viventis
1712 2296 1900 2358 Patris
1918 2293 2125 2371 Filius,

478 2387 622 2450 facit
649 2386 805 2468 quod
839 2385 952 2448 sibi
989 2387 1296 2466 proprium
1322 2384 1692 2447 estzviviﬁcat
1715 2385 1871 2447 enim
1907 2385 2130 2450 omnia.

480 2476 663 2556 Igitur
691 2477 843 2538 sicut
871 2474 970 2553 qui
996 2493 1066 2536 ex
1103 2482 1259 2536 terra
1289 2474 1481 2556 panis,
1511 2474 1806 2537 inﬁrmam
1860 2481 2128 2535 naturam

480 2566 676 2628 carnis
704 2566 971 2626 continet
1003 2583 1118 2625 non
1150 2563 1356 2625 sinens
1392 2563 1552 2625 illam
1605 2563 1932 2644 corrumpi;
1961 2563 2040 2625 ita
2070 2572 2128 2626 et

480 2655 749 2718 Christus
781 2672 886 2734 per
915 2652 1174 2735 Spiritus
1199 2652 1604 2731 operationem
1648 2654 1904 2714 animam
1937 2651 2125 2715 viviﬁ-

482 2753 775 2824 cat,atque
791 2743 965 2805 etiam
988 2743 1179 2822 ipsum
1204 2761 1420 2822 corpus
1437 2741 1514 2804 ab
1532 2742 1978 2823 incorruptione
1992 2761 2130 2804 con-

480 2836 819 2898 servat.Per
850 2831 1150 2895 Christum
1183 2830 1342 2892 enim
1366 2832 1645 2894 humanae
1675 2839 1902 2893 natura;
1921 2849 2127 2894 resur-

481 2922 664 2987 rectio
687 2940 757 2985 ex
776 2920 1112 3001 mortuis,et
1141 2921 1507 3001 incorruptio
1531 2939 1851 2999 corporum
1875 2930 1963 2983 est
1982 2941 2129 2984 con-

481 3012 794 3078 cessa.Sed
852 3009 1044 3074 Judaei
1100 3010 1294 3072 adhuc
1326 3009 1510 3072 dediti
1549 3010 1736 3071 ventri
1780 3017 1838 3072 et
1869 3012 1971 3074 toti
2003 3017 2127 3072 ter-

2197 600 2425 678 μαργίας
2495 597 2814 678 ὑπερϐολήν.
2903 598 2963 658 Τί
3047 599 3136 656 οὖν
3206 601 3242 667 ἠ
3301 599 3517 680 ἄπειρος
3571 610 3694 660 τοῦ
3783 609 3942 658 Θεοῦ

2199 689 2377 768 σοφία,
2437 691 2466 744 6
2533 689 2720 764 Κύριος
2767 686 2924 762 ἡμῶν
2966 683 3200 764 Ἰησοῦς,
3233 688 3570 764 ἀποκρίνεται
3617 692 3879 755 αὖτοϊς
3918 709 3938 767 ;

2201 765 2333 834 ’Ὁτι
2382 799 2410 832 α
2444 776 2517 836 O6
2546 779 2748 843 Μώσῆς
2807 772 3029 833 δέδωκεν
3079 778 3210 853 ὑμῖν
3261 779 3351 834 τὸν
3395 777 3551 858 ἄρτον
3579 794 3595 810 ’
3637 804 3681 836 ι
3733 765 3937 838 τουτέ

2201 864 2334 940 έστι,
2394 865 2484 923 τὸν
2535 864 2787 932 ἆληθινδθ
2848 862 3002 944 ἄρτον
3059 867 3119 922 οὗ
3165 865 3387 924 δέδωκεν
3425 869 3553 943 ὑμῖν
3603 868 3875 937 Μωσῆς
3916 885 3932 900 ⁸

2200 952 2337 1011 ἆλλᾶ
2392 955 2566 1012 πάντα
2608 955 2678 1012 τὰ
2721 953 2843 1011 τότε
2901 955 3181 1036 γινόμενα,
3225 956 3379 1014 τύποι
3424 962 3558 1027 ἦσαν
3619 963 3766 1016 τῶν
3831 966 3934 1015 νῦν

2201 1043 2518 1122 γινομένων,
2606 1033 2662 1106 ὀ
2705 1042 2804 1119 μὶν
2856 1045 2956 1122 γὰρ
3035 1033 3234 1112 Μωσῆς
3307 1047 3471 1104 τύπον
3514 1048 3739 1128 ἐπεῖχε
3825 1049 3936 1106 τοῦ

2205 1135 2362 1208 Θεοῦ,
2419 1140 2512 1191 τοῦ
2554 1131 2812 1200 ἀληθινοῦ
2866 1133 2972 1190 τῶν
3028 1139 3236 1202 νοητῶν
3287 1133 3630 1216 Ἰσραηλιτῶν
3668 1160 3932 1217 στρατ-

2202 1226 2362 1302 ηγοῦ’
2406 1225 2435 1280 6
2459 1220 2514 1278 δὲ
2541 1221 2694 1302 ἄρτος
2725 1221 2955 1295 ἐκεῖνος,
2988 1223 3152 1288 τύπος
3178 1223 3308 1301 ἰμοῦ
3336 1229 3430 1282 τοῦ
3457 1226 3516 1284 ἐκ
3545 1227 3654 1284 τῶν
3715 1229 3933 1308 οὖρα-

2203 1318 2306 1369 νῶν
2363 1308 2714 1386 καταϐάντος,
2780 1313 2869 1368 καὶ
2910 1310 3126 1378 ἀληθῶς
3189 1313 3498 1394 τρέφοντος,
3544 1318 3631 1373 καὶ
3665 1315 3926 1385 ἀληθι-

2204 1408 2294 1459 νοῦ
2347 1400 2707 1481 ὑπάρχοντος.
2782 1400 2938 1479 Λέγει
3010 1399 3064 1457 δὲ
3122 1402 3307 1460 ἑαυτὸν
3371 1403 3620 1472 ἀληθινὸν
3683 1404 3924 1486 ἄρτον,

2205 1491 2308 1571 οὐχ
2353 1493 2428 1555 ὥς
2470 1496 2563 1546 τοῦ
2605 1490 2778 1565 μάννα
2821 1487 3039 1566 ψευδοῦς
3079 1489 3257 1566 ὄντος,
3287 1491 3409 1550 ἀλλ’
3437 1492 3620 1562 ἐπειδὴ
3653 1495 3926 1560 ἐκεῖνος

2205 1580 2365 1643 τύπος
2423 1577 2489 1646 ῆν
2545 1579 2634 1635 καὶ
2707 1579 2854 1653 σκιὰ,
2913 1580 3000 1636 καὶ
3061 1578 3155 1637 οὒκ
3224 1582 3598 1653 αύτοαληθεια,
3661 1587 3924 1663 κυρίως

2207 1669 2305 1748 γὰρ
2363 1668 2533 1743 μάννα
2603 1669 2632 1724 6
2706 1668 3002 1746 μονογενὴς
3076 1671 3194 1735 Υἱὸς
3249 1679 3342 1730 τοῦ
3417 1675 3547 1729 Θεοῦ
3589 1671 3923 1753 ἄνθρωπος

2207 1757 2514 1836 γενόμενος,
2546 1757 2608 1814 τὸ
2651 1755 3015 1824 ὶκπληκτικὸν
3050 1759 3199 1834 ῥῆμα
3253 1761 3340 1816 καί
3381 1759 3644 1837 ἄκουσμα.
3681 1763 3922 1819 “ivvat

2208 1847 2308 1925 γὰρ
2377 1846 2740 1925 ἱρμηνεύεται,
2825 1847 2885 1906 Τί
2965 1846 3172 1929 τοῦτο;
3261 1850 3322 1908 Οἱ
3406 1851 3506 1930 γὰρ
3597 1841 3918 1934 Ἐϐραῖοι,

2207 1934 2403 2000 ἰδόντες
2461 1934 2589 1994 αὐτὸ
2631 1935 2854 2000 ἕκαστος
2914 1937 3017 2017 πρὸ
3064 1937 3162 2006 τῆς
3194 1940 3390 2006 οἰκείας
3421 1944 3625 2010 σκηνῆς
3678 1963 3918 2023 σωρη-

2208 2023 2295 2082 δὸν
2351 2023 2674 2105 κεχυμένον,
2719 2027 2808 2083 καὶ
2849 2030 2926 2099 τῷ
2979 2025 3130 2096 ἀήθει
3182 2029 3270 2085 καὶ
3313 2028 3443 2102 ξένῳ
3482 2037 3577 2088 τοῦ
3601 2031 3915 2097 θεάματος

2209 2114 2661 2193 καταπλαγέντες,
2692 2114 2915 2184 ἠρώτων
2958 2114 3226 2186 ἀλλήλους
3257 2134 3276 2153 ⁸
3309 2119 3369 2177 Τί
3409 2125 3565 2177 τοῦτο
3599 2139 3616 2200 ;
3653 2112 3714 2179 Ὀ
3748 2124 3908 2178 τοί-

2209 2226 2298 2261 νυν
2343 2204 2533 2280 Κύριος
2616 2203 2901 2281 γενόμενος
2969 2203 3242 2284 ἄνθρωπος
3303 2208 3331 2264 6
3399 2211 3514 2274 Υἱὸς
3556 2217 3647 2266 τοῦ
3708 2217 3904 2287 Θεοῦ,

2211 2292 2368 2359 αὐτός
2409 2292 2521 2350 ἐστι
2565 2294 2627 2350 τὸ
2669 2293 2871 2358 πάντας
2929 2293 3231 2363 ἐκπλῆττον
3275 2296 3469 2373 μάννα,
3542 2298 3682 2355 ὥστε
3734 2297 3907 2357 ἕκα-

2211 2404 2336 2440 στον
2383 2380 2726 2462 διαποροῦντα
2767 2381 2943 2461 λέγειν
2974 2398 2990 2415 ⁸
3027 2385 3088 2442 Τί
3127 2392 3286 2445 τοῦτο
3321 2403 3338 2461 ;
3397 2393 3519 2451 Πῶς
3546 2390 3574 2445 6
3625 2390 3744 2452 Υἱὸς
3786 2400 3906 2452 τοῦ

2212 2478 2366 2544 Θεοῦ,
2419 2471 2508 2528 καὶ
2557 2473 2678 2537 Υἱὸς
2737 2471 3063 2552 ἀνθρώπου;
3119 2480 3242 2540 Πῶς
3299 2478 3361 2532 εκ
3429 2475 3516 2533 δύο
3556 2483 3662 2534 τῶν
3707 2481 3904 2537 ἔναν-

2209 2563 2334 2618 τίων
2391 2560 2446 2616 ἓν
2507 2561 2842 2640 πρόσωπονς
2891 2565 2950 2620 Τί
2993 2572 3147 2623 τοῦτο
3196 2566 3258 2621 τὸ
3301 2567 3590 2644 μυστήριον
3629 2586 3646 2637 ;
3701 2571 3900 2634 Οὗτος

2211 2648 2299 2707 οὖν
2353 2650 2383 2706 6
2424 2646 2604 2724 ἄρτος,
2637 2651 2751 2722 ζωὴ
2779 2651 2918 2712 κατᾶ
2967 2652 3119 2733 φύσιν
3150 2654 3250 2727 ὣν,
3278 2658 3370 2711 οἶα
3420 2661 3618 2726 ζῶντος
3661 2659 3894 2736 Πατρὸς

2212 2740 2356 2823 Υίὸς,
2417 2751 2568 2796 ποιεῖ
2625 2741 2687 2796 τὸ
2743 2741 2943 2798 οἰκεῖον
2978 2761 2994 2779 ο
3075 2748 3335 2812 ζωοποιεῖ
3387 2745 3488 2823 γὰρ
3535 2745 3602 2803 τὰ
3665 2743 3883 2809 πάντα.

2216 2818 2431 2906 υΩστιερ
2471 2827 2562 2883 οὖν
2605 2829 2633 2885 6
2693 2827 2755 2884 ἐκ
2796 2832 2899 2907 γῆς
2947 2829 3107 2910 ἄρτος
3157 2833 3256 2900 τὴν
3302 2818 3494 2900 ἀσθενῆ
3553 2835 3704 2913 φύσιν
3761 2841 3879 2903 τῆς

2212 2917 2405 2995 σαρκὸς
2472 2915 2710 2996 συνέχει,
2770 2920 2858 2976 καὶ
2920 2923 3014 2979 οὒκ
3076 2919 3136 2992 ἰᾷ
3191 2921 3618 3002 καταφθείρεσθαι
3651 2938 3666 2952 ⁸
3722 2923 3876 2981 οὕτω

2210 3008 2300 3064 καὶ
2356 3009 2384 3063 6
2441 3008 2662 3085 Χριστὸς
2721 3005 2803 3066 διὰ
2856 3009 2954 3076 τῆς
3012 3017 3104 3067 τοῦ
3134 3013 3437 3087 Πνεύματος
3469 3011 3731 3090 ἐνεργείας
3763 3013 3871 3081 τὴν

482 3103 636 3176 reni,
672 3102 752 3163 de
781 3099 1045 3163 sensibili
1071 3117 1222 3180 pane
1255 3097 1597 3177 intelligunt
1625 3098 1787 3161 dicta
1814 3108 1872 3160 et
1901 3099 2128 3184 dicunt,

2219 3096 2399 3177 ψυχὴν
2454 3102 2730 3169 ζωοποιεῖ,
2790 3099 2878 3154 καὶ
2921 3098 3031 3173 μὴν
3083 3101 3167 3156 καὶ
3212 3102 3339 3158 αὐτὸ
3366 3102 3427 3156 τὸ
3456 3108 3613 3176 σῶμα
3645 3102 3869 3183 συνέχει

488 3216 516 3248 α
551 3191 635 3252 Da
667 3188 837 3250 nobis
869 3189 1027 3248 hunc
1059 3186 1438 3267 panem.»Sic
1470 3188 1653 3266 igitur
1684 3187 1861 3248 stulte
1890 3188 2128 3268 loquen-

2219 3189 2287 3251 εἷς
2335 3185 2643 3265 ἀφθαρσίαν,
2695 3186 2792 3244 Διᾶ
2838 3188 2937 3266 γὰρ
2980 3189 3205 3269 Χριστοῦ
3255 3191 3291 3258 ἡ
3353 3189 3414 3247 ἐκ
3468 3193 3664 3269 νεκρῶν
3725 3192 3871 3249 ἀνά-

486 3291 574 3343 tes
601 3261 1113 3357 redarguebantur
1137 3284 1195 3337 et
1247 3276 1471 3349 dicunt,
1492 3261 1533 3332 ἀ
1573 3276 1826 3350 Semper
1855 3277 1929 3337 da
1957 3261 2128 3340 nobis

2219 3261 2397 3340 στασις
2575 3261 2872 3354 ἀνθρωπίνη
2910 3261 3068 3357 φύσει
3125 3280 3472 3360 κεχάρισται,
3535 3261 3623 3337 καὶ
3677 3283 3710 3348 ἡ
3754 3281 3867 3339 τῶν

488 3386 698 3450 panem
733 3367 950 3444 hunc,»
983 3383 1100 3426 non
1135 3365 1206 3425 ad
1235 3384 1415 3425 unum
1445 3365 1536 3426 vel
1563 3363 1635 3426 ad
1659 3364 1811 3426 duos
1841 3364 1988 3426 dies.
2008 3364 2128 3426 Hoc

2219 3366 2478 3441 σωμάτων
2535 3366 2812 3445 ἀφθαρσία,
2863 3366 3016 3425 Ἀλλ’
3072 3371 3119 3425 οἱ
3179 3366 3429 3427 Ἰουδαῖοι
3487 3371 3604 3450 περὶ
3634 3371 3867 3450 γαστέρα

486 3466 683 3520 autem
712 3475 831 3536 prae
859 3452 1104 3517 avaritia
1135 3454 1436 3516 dicebant.
1475 3453 1551 3517 Ut
1571 3454 1726 3515 enim
1753 3472 1872 3515 uon
1898 3473 2044 3535 opus
2060 3455 2128 3515 sit

2219 3456 2290 3512 ἔτι
2343 3455 2603 3529 νεύοντες,
2662 3457 2752 3512 καὶ
2809 3458 2870 3513 τὸ
2913 3455 3038 3515 ὅλον
3100 3462 3173 3537 γῆ
3231 3457 3402 3534 ὄντες,
3449 3461 3563 3540 περὶ
3613 3463 3866 3527 αἰσθητοῦ

488 3547 670 3610 multa
699 3544 1049 3625 impendere
1079 3543 1139 3604 in
1163 3542 1327 3604 cibos
1358 3542 1588 3618 dicunt,
1620 3545 1700 3606 Da
1718 3560 1960 3623 semper
1978 3544 2128 3604 hunc

2219 3543 2374 3623 ἄρτου
2427 3549 2604 3599 νοοῦσι
2655 3544 2722 3602 τὰ
2769 3545 3050 3622 εἰρημένα,
3093 3549 3182 3604 καί
3211 3565 3360 3629 φασι⁶
3401 3571 3429 3604 α
3465 3551 3565 3614 Δὸς
3595 3552 3729 3626 ἡμῖν
3771 3551 3863 3606 τὸν

486 3637 659 3701 facile
693 3633 1016 3713 parabilem
1054 3632 1196 3693 590
1229 3650 1468 3712 panem.

2219 3631 2370 3713 ἄρτον
2426 3633 2634 3694 τοῦτον,
2673 3655 2701 3688 ι
2734 3633 2911 3698 Οὕτως
2951 3635 3037 3693 οὖν
3084 3636 3507 3719 ἀνοηταίνοντες,
3540 3639 3858 3720 ἠλέγχοντο,

485 3729 598 3806 καὶ,
635 3750 656 3780 ιι
695 3726 924 3810 Πάντοτε
970 3723 1056 3786 δὸς
1087 3727 1223 3797 ἡμῖν
1246 3725 1345 3810 ,τὸν
1398 3721 1553 3800 ἄρτον
1610 3725 1818 3796 τοῦτον,
1859 3747 1881 3779 υ
1933 3724 2110 3800 φασὶν,
2177 3721 2236 3781 ού
2279 3724 2404 3798 μίαν
2445 3721 2647 3802 ἡμέραν
2705 3721 2822 3780 οὐδὲ
2848 3722 2960 3788 δύο.
2991 3732 3157 3783 Τοῦτο
3185 3724 3241 3782 δὲ
3271 3728 3359 3784 καὶ
3388 3728 3493 3786 ἀπὸ
3522 3727 3862 3810 φιλαργυρίας

488 3803 697 3892 ἔλεγον.
749 3803 874 3872 UIw:
903 3814 1002 3891 γὰρ
1032 3813 1110 3888 μὴ
1142 3809 1511 3872 ἀναλίσκωμεν
1553 3812 1619 3866 τὰ
1668 3813 1926 3890 χρήματα
1980 3813 2137 3886 ἡμῶν
2188 3812 2306 3890 περὶ
2361 3813 2460 3878 τῆν
2517 3812 2616 3878 τῆς
2646 3818 2848 3893 τροφῆς
2879 3815 3152 3894 εὐπορίαν,
3185 3813 3273 3880 δὸς
3304 3803 3865 3883 πάντοτε-τοῦτοντὸν

489 3903 796 3982 εὸπόριστον
827 3900 981 3980 ἄρτον
992 3949 1006 3963 ,

568 3993 753 4054 Vens.
788 3988 994 4074 35,38.
1026 4013 1053 4044 α
1080 3988 1238 4052 Dixit
1265 3996 1458 4051 autem
1493 3987 1579 4050 eis
1602 3991 1816 4053 Jesus:
1849 3990 1972 4067 Ego
2005 4007 2132 4050 sum

489 4081 658 4163 panis
675 4080 807 4142 vitae
841 4096 854 4141 :
884 4079 985 4160 qui
1015 4079 1177 4140 venit
1203 4081 1276 4141 ad
1310 4095 1427 4150 me,
1476 4097 1594 4139 non
1647 4079 1891 4153 esuriet;
1945 4087 2001 4139 et
2035 4077 2136 4157 qui

486 4169 679 4233 credit
707 4169 767 4231 in
800 4187 918 4249 me,
952 4187 1068 4230 non
1121 4169 1279 4230 sitiet
1329 4186 1615 4248 unquam.
1669 4167 1786 4230 Sed
1829 4167 1948 4229 dixi
1971 4165 2136 4228 vobis

488 4259 645 4341 quod
670 4259 845 4322 etiam
868 4257 1096 4320 vidistis
1109 4275 1345 4332 me,nec
1367 4256 1836 4320 creditis.0mne
1855 4255 2010 4337 quoii
2037 4257 2138 4318 dat

490 4347 634 4410 mihi
664 4345 858 4414 Pater.
892 4346 964 4408 ad
1003 4366 1097 4409 me
1127 4346 1365 4409 veniet:
1404 4354 1464 4406 et
1514 4345 1616 4426 qui
1653 4346 1879 4407 venerit
1907 4344 1978 4406 ad
2015 4365 2131 4420 me,

487 4454 607 4500 non
638 4437 808 4518 ejicio
841 4437 1020 4511 foras,
1053 4437 1187 4517 quia
1212 4434 1519 4497 descendit
1549 4433 1626 4495 de
1655 4435 1805 4497 caelo
1832 4443 1894 4495 ut
1924 4433 2133 4496 faciam

487 4544 606 4588 non
635 4525 798 4606 quod
832 4544 946 4603 ego
975 4524 1130 4600 volo,
1166 4524 1272 4586 sed
1301 4523 1459 4604 quod
1490 4523 1618 4584 vult
1639 4522 1738 4602 qui
1765 4541 1860 4583 me
1893 4522 2070 4584 misit.
2107 4550 2128 4578 ν

489 4615 635 4679 Cum
662 4612 1086 4695 Judaei,utpote
1111 4613 1358 4686 terreni,
1393 4611 1469 4674 de
1491 4610 1760 4673 sensibili
1791 4629 1941 4692 pane
1963 4610 2134 4674 Chri-
2163 4639 2209 4691 ο

489 4710 643 4766 stum
675 4703 837 4784 loqui
873 4711 1170 4783 putarent,
1205 4710 1264 4764 et
1297 4708 1540 4782 propter
1593 4700 1705 4763 hoc
1761 4709 2044 4780 urgerent
2083 4705 2143 4764 et

488 4799 822 4875 quaererent
853 4809 867 4853 :
902 4791 1269 4869 redarguens
1330 4808 1434 4852 eos
1494 4788 1806 4859 Dominus,
1859 4798 2145 4851 monstrat

487 4881 643 4963 quod
672 4881 934 4961 quandiu
967 4879 1312 4942 sensibilem
1361 4896 1574 4959 panem
1629 4884 2010 4955 exspectent,
2039 4897 2142 4939 ac-

487 4969 998 5050 currantzquando
1018 4978 1210 5030 autem
1235 4968 1474 5029 discunt
1505 4967 1660 5048 quod
1686 4965 2013 5046 spiritualis
2040 4968 2137 5041 sit,

486 5079 605 5122 non
637 5060 792 5121 ultra
817 5067 1154 5122 accurrant.
1182 5057 1352 5121 Unde
1386 5056 1532 5118 dictt
1560 5077 1574 5118 :
1616 5079 1641 5110 α
1668 5055 1788 5132 Ego
1821 5073 1950 5116 sum
1975 5058 2142 5136 panis

487 5149 635 5211 vitae.
669 5173 696 5205 ι
730 5150 860 5212 Non
892 5147 1037 5210 dixit
1060 5154 1281 5226 autem,
1309 5146 1479 5227 panis
1499 5144 1940 5216 alimoniae,sed
1974 5153 2135 5210 vitae.

489 5238 632 5301 Nam
665 5256 800 5300 cum
823 5237 1024 5300 omnia
1053 5237 1406 5298 mortiﬁcata
1438 5242 1660 5304 essent,
1698 5233 2002 5294 viviﬁcavit
2031 5253 2141 5296 nos

489 5346 598 5408 per
617 5328 996 5409 semetipsum
1030 5324 1428 5407 Christus,qui
1454 5333 1542 5386 est
1562 5322 1832 5403 panis,eo
1855 5323 2011 5403 quod
2031 5323 2142 5384 fer-

491 5425 752 5479 mentum
779 5417 1054 5479 humanze
1073 5414 1520 5497 conspersionis
1563 5412 1861 5473 credimus
1907 5420 2136 5476 coctum

488 5522 622 5569 esse
643 5504 782 5584 igne
806 5505 1072 5568 deitatis.
1099 5505 1273 5566 Panis
1286 5511 1482 5565 autem
1507 5501 1633 5562 vitae
1653 5519 1771 5561 non
1788 5500 1963 5580 hujus
1991 5503 2134 5564 soli-

565 5663 619 5707 ⁸⁸
644 5661 837 5728 Exod.
872 5679 994 5737 xxv,
1033 5665 1132 5727 15.

2306 4007 2330 4044 α
2368 3987 2508 4046 Εἶπε
2577 3986 2632 4046 δὲ
2681 3991 2863 4054 αὐτοῖς
2922 3994 2950 4049 6
3008 3991 3212 4061 Ἰησοῦς
3249 4010 3266 4028 ⁶
3315 3993 3458 4073 Ἐγώ
3500 3997 3604 4072 εἰμι
3651 3998 3680 4052 6
3712 3992 3863 4074 ἄρτος

2218 4082 2316 4146 τῆς
2369 4082 2512 4150 ζωῆς
2548 4092 2564 4110 ⁸
2611 4081 2639 4135 6
2699 4078 2993 4160 ἐρχόμενος
3053 4084 3184 4162 πρὸς
3234 4085 3324 4159 μὲ,
3388 4087 3447 4143 οὔ
3496 4085 3573 4160 μὴ
3614 4085 3859 4159 πεινάσῃ·

2200 4168 2305 4245 ,καὶ
2353 4168 2382 4223 6
2435 4169 2695 4225 πιστεύων
2741 4171 2812 4235 εἷς
2842 4171 2964 4250 εμὲ,
2999 4170 3058 4229 οὒ
3087 4172 3165 4247 μῆ
3194 4171 3396 4250 διψήσῃ
3437 4174 3679 4236 πώποτε,
3713 4171 3863 4230 Ἀλλ’

2220 4254 2378 4312 εἶπον
2431 4255 2588 4332 ὑμῖν,
2654 4255 2734 4314 ὅτι
2764 4261 2853 4315 καὶ
2895 4260 3163 4338 ἑωράκατέ
3210 4283 3301 4339 με,
3348 4264 3436 4319 καὶ
3465 4267 3525 4322 οὗ
3565 4262 3860 4319 πιστεύετε.

2221 4351 2331 4402 Πᾶν
2374 4346 2402 4401 ὃ
2450 4341 2624 4402 δίδωσι
2684 4368 2774 4423 μοι
2832 4350 2860 4404 6
2916 4349 3123 4430 Πατὴρ,
3168 4353 3298 4426 πρὸς
3329 4349 3426 4426 ἐμὲ
3456 4350 3565 4418 ἥξει
3597 4367 3612 4381 ·
3659 4353 3746 4408 καὶ
3774 4352 3861 4407 τὸν

2219 4433 2514 4514 ἐρχόμενον
2544 4437 2675 4514 πρὸς
2725 4436 2820 4512 μὶ,
2879 4436 2937 4493 ού
2994 4440 3073 4514 μὴ
3125 4438 3334 4497 ἐκϐάλω
3392 4439 3490 4506 ’ἐξω
3524 4455 3538 4469 ⁸
3591 4440 3671 4498 ὅτι
3703 4461 3864 4497 καταο

2219 4521 2423 4591 ϐέϐηκα
2463 4523 2526 4580 ἐκ
2551 4545 2644 4582 του
2689 4526 2929 4604 ούρανοῦ,
2962 4531 3067 4609 οὺχ
3119 4527 3213 4586 ἵνα
3254 4535 3392 4586 ποιῶ
3446 4531 3509 4586 τὸ
3555 4528 3765 4604 θέλημα
3804 4529 3863 4584 τὸ

2224 4612 2376 4689 ὶμὸν,
2437 4611 2575 4671 ἀλλᾶ
2629 4617 2691 4672 τὸ
2740 4614 2949 4692 θέλημα
3004 4641 3098 4676 του
3166 4618 3478 4695 πέμψαντός
3536 4641 3628 4695 με.
3665 4637 3690 4668 ⁸
3754 4624 3867 4678 Τῶν

2225 4700 2490 4761 Ἰουδαίων
2531 4704 2628 4762 οἷα
2663 4701 2728 4774 δὴ
2769 4708 3003 4786 γηΐνων,
3036 4709 3155 4788 περὶ
3203 4710 3450 4776 αἳσθητοῦ
3501 4708 3659 4788 ἄρτου
3716 4730 3868 4784 νομι-

2224 4791 2420 4863 ζόντων
2478 4791 2653 4872 λέγειν
2704 4796 2796 4852 τὸν
2842 4796 3053 4873 Κύριον,
3112 4799 3200 4855 καὶ
3270 4797 3358 4855 διὰ
3414 4805 3569 4856 τοῦτο
3611 4797 3872 4872 έπικειμέ-

2226 4904 2352 4962 νων,
2410 4882 2498 4939 καὶ
2544 4883 2873 4960 ζητούντων,
2935 4885 3182 4967 ιλέγγων
3224 4889 3412 4951 αὖτοὺς
3456 4890 3484 4945 6
3529 4889 3741 4966 Κύριος,
3788 4891 3872 4945 καὶ

2225 4967 2451 5044 δεικνὺς,
2523 4970 2603 5028 ὅτι
2659 4972 2763 5037 ἕως
2820 4975 2919 5050 μὲν
2962 4977 3217 5044 αἰσθητὴν
3259 4977 3569 5034 ὑπώπτευον
3601 4977 3701 5045 τὴν
3756 4999 3871 5056 τρο·

2225 5058 2353 5137 φῆν,
2415 5058 2702 5140 έπέτρεχον
2735 5079 2752 5097 ⁶
2799 5060 2924 5120 ὅταν
2982 5061 3037 5121 δὲ
3093 5065 3351 5139 μάθωσιν,
3397 5065 3477 5120 ὅτι
3534 5068 3864 5142 πνευματική

2223 5146 2388 5223 ἰστιν,
2448 5147 2542 5204 οὒκ
2597 5147 2674 5205 ἔτι
2733 5148 3160 5231 ὶπιδραμοῦνται,
3208 5155 3389 5232 φησίν·
3443 5176 3470 5208 α
3505 5150 3646 5232 Ἐγώ
3689 5155 3796 5229 εἰμι
3841 5157 3866 5211 6

2222 5234 2377 5314 ἄρτος
2437 5238 2535 5303 τῆς
2591 5239 2756 5309 ζωῆς.
2820 5263 2850 5296 ι
2906 5243 3011 5299 Οὐκ
3081 5243 3206 5300 εἷπε
3261 5241 3340 5316 δὲ,
3400 5241 3611 5322 "Apto;
3642 5247 3866 5322 τροφῆς,

2221 5323 2382 5402 ἀλλὰ,
2451 5345 2482 5385 (
2538 5333 2715 5395 Ζωῆς.
2792 5352 2817 5387 ι
2873 5329 3093 5400 Ἐπειδὴ
3124 5333 3225 5412 γὰρ
3253 5335 3320 5390 τὰ
3347 5333 3518 5390 πάντα
3552 5333 3871 5411 νενὲκρωτο,

2222 5413 2575 5486 ἰζωοποίησεν
2632 5419 2773 5494 ἡμᾶς
2840 5417 2910 5475 δι’
2984 5421 3171 5480 ἑαυτοῦ
3233 5424 3262 5479 ὃ
3342 5420 3556 5502 Κύριος,
3613 5422 3673 5487 ἐς
3731 5422 3873 5478 ἐστιν

2223 5503 2396 5580 ἄρτος,
2441 5506 2571 5562 καθὸ
2626 5506 2725 5574 τῆν
2794 5508 2966 5585 ζύμην
3039 5517 3131 5568 τοῦ
3192 5511 3514 5592 ἀνθρωπίνου
3569 5511 3874 5592 φυράματος
