4116 6318
313 326 453 425 1361

1036 365 1480 429 ENARRATIO
1523 364 1605 429 IN
1646 359 2150 428 EVANGELIUM
2184 366 2527 431 JOANNIS.
2574 402 2651 415 —
2694 369 2864 432 CAP.
2910 374 3013 434 VI.

3538 368 3690 435 1302

307 496 619 569 πιστεύομεν
707 496 1061 565 ἑξοπτηθῆναι
1151 500 1227 573 τῷ
1299 499 1421 577 πλρὶ
1502 497 1600 566 τῆς
1655 499 1944 564 θεότητος¹

2044 494 2246 567 taa,sed
2273 495 2608 576 immutate,
2639 508 2698 562 et
2729 508 2916 563 morte
2944 520 3061 563 non
3095 502 3455 566 deﬁcientis.
3489 502 3562 565 At
3591 504 3694 583 qui

303 590 448 655 ζωῆς
501 585 556 641 δὲ
614 584 771 664 ἄρτος
826 586 885 643 οὗ
945 587 1193 653 τοιαύτης
1254 588 1530 666 συνήθους,

305 672 599 753 λαγμένης,
661 676 750 731 καὶ
805 676 1015 749 θανάτῷ
1086 676 1165 750 μὴ
1222 674 1669 749 διακοπτομένης,
1736 666 1793 731 Ὀ
1861 696 1958 730 πι-

307 763 507 821 στεύων
558 764 611 819 δὲ
671 766 746 829 εἷς
802 767 894 821 τὸν
936 771 1172 821 τοιοῦτον
1228 763 1405 844 ἄρτον,
1466 766 1524 820 οὖ
1583 764 1659 838 μὴ
1704 763 1955 841 πεινάσῃ,

306 850 414 909 οὔδ’
468 854 526 908 οὗ
585 854 662 928 μὴ
721 852 929 932 λιμώξῇ
975 851 1133 928 λιμὸν
1189 861 1283 910 τοῦ
1340 854 1558 910 ἀκοῦσαι
1614 851 1773 929 λόγον
1803 858 1955 921 Θεοῦ,

304 939 417 999 οὐδὲ
474 940 678 1019 διψήσῃ
737 942 895 1019 δίψαν
953 944 1192 1016 νοητὴν,.
1235 943 1340 999 ἀπὸ
1393 950 1487 1000 τοῦ
1544 943 1621 1017 μὴ
1690 940 1841 1021 ἔχειν
1896 942 1957 997 τὸ

303 1028 440 1111 ὕδωρ
506 1034 601 1089 τοῦ
650 1033 1043 1111 βαπτίσματος,
1089 1033 1176 1089 καὶ
1227 1034 1317 1088 τὸν
1358 1032 1624 1111 ἀγιασμὸν
1652 1038 1744 1088 τοῦ
1786 1029 1955 1086 Πνεύ-

306 1143 496 1201 ματος,
579 1121 889 1199 γινομένην.
970 1113 1027 1180 Ὀ
1082 1123 1180 1197 μὲν
1239 1122 1339 1200 γὰρ
1406 1120 1745 1188 ἀϐέπτιστος,
1801 1116 1956 1193 δίψαν

307 1208 543 1290 ἔχεικαὶ
588 1210 855 1282 ξηρότητα
885 1209 1115 1285 πολλὴν,
1169 1211 1404 1286 ἀμοιρῶν
1445 1218 1539 1269 τοῦ
1581 1208 1954 1288 ἀναψύχοντος

304 1299 452 1376 ἁγίου
480 1297 667 1363 ὕδατος
701 1319 715 1333 ⁸
777 1302 804 1356 6
862 1298 917 1355 δὲ
948 1297 1389 1377 βεϐαπτισμένος,
1451 1298 1598 1378 ’έχων
1625 1299 1687 1354 τὸ
1718 1300 1951 1375 Πνεῦμα,

306 1386 383 1443 ἀεὶ
433 1393 846 1468 ψυχαγωγεϊται
906 1387 974 1445 δι’
1033 1388 1211 1445 αὐτοῦ.
1265 1387 1529 1445 Δεικνύων
1588 1384 1668 1458 δὲ,
1726 1384 1807 1441 ὅτι
1866 1387 1955 1442 καὶ

302 1478 335 1543 ἧ
394 1477 568 1542 πίστις
606 1479 640 1545 ἡ
671 1480 744 1541 είς
778 1479 933 1537 αὐτὸν
978 1480 1035 1534 οὗ
1086 1480 1148 1535 τὸ
1206 1478 1372 1558 τυχόν
1401 1479 1514 1533 ἔστι
1542 1482 1784 1555 πρᾶγμα,
1820 1473 1955 1530 ἀλλὰ

302 1564 469 1642 δῶρον
527 1570 679 1640 Θεοῦ,
717 1580 835 1631 τοῖς
882 1565 1043 1631 ἀξίοις
1119 1569 1207 1623 καὶ
1264 1565 1432 1626 εὐθέσι
1475 1571 1545 1641 τῇ
1586 1562 1770 1643 καρδίᾳ
1816 1565 1959 1643 παρὰ

303 1661 395 1711 τοῦ
447 1658 650 1735 Πατρὸς
708 1654 1002 1732 διδόμενον,
1038 1659 1219 1738 φησὶν,
1252 1655 1332 1713 ὅτι
1390 1675 1419 1714 ι
1449 1660 1559 1711 Πᾶν
1607 1655 1635 1709 ὂ
1665 1651 1838 1709 δίδωσί
1867 1674 1957 1727 μοι

304 1746 329 1797 ὃ
384 1745 586 1821 Πατὴρ,
647 1747 778 1819 πρὸς
829 1744 925 1821 ἐμὲ
968 1743 1104 1824 ἥξει,
1172 1768 1199 1800 ι
1263 1744 1554 1817 τουτέστιν,
1603 1742 1803 1824 ἐκεῖνοι
1858 1763 1955 1797 πι-

306 1820 605 1888 στεύσουσιν
662 1835 734 1896 εἰς
778 1834 898 1912 εμὲ,
947 1836 1034 1899 οῦς
1065 1820 1240 1890 δίδωσί
1282 1856 1374 1908 μοι
1419 1835 1447 1889 6
1493 1833 1702 1906 Πατὴρ.
1767 1820 1953 1905 ’Υμεϊς

303 1921 355 1976 δὲ
414 1925 460 1977 οἱ
522 1921 794 2002 Ἰουδαῖοι,
853 1925 928 1986 ὡς
996 1922 1195 1989 ἀνάξιοι
1252 1921 1429 1996 ὄντες,
1488 1923 1546 1979 οὒ
1607 1919 1803 1977 δίδοσθέ
1865 1942 1954 1993 μοι

303 2011 441 2090 παρά
497 2019 591 2070 τοῦ
646 2014 852 2091 Πατρός
884 2029 900 2045 ⁶
952 2010 1032 2068 διὸ
1076 2010 1192 2069 οῦδὲ
1224 2012 1444 2092 ἔρχεσθε
1475 2012 1607 2088 προς
1640 2009 1731 2086 μὲ,
1767 2008 1825 2065 οὔ
1856 2008 1955 2086 γὰρ

302 2099 458 2179 ἔχετε
516 2105 721 2159 εὖθεϊαν
779 2101 875 2168 τὴν
930 2099 1169 2181 καρδίαν,
1226 2101 1319 2156 ἵνα
1378 2102 1512 2175 ὑμᾶς
1571 2098 1856 2176 ἀγαπήσας
1927 2099 1955 2152 6

303 2192 431 2253 Θεὸς
487 2192 575 2245 καὶ
606 2192 805 2270 Πατὴρ,
874 2190 1052 2269 ἀγὶγῃ
1112 2193 1184 2255 εἷς
1217 2191 1315 2258 τὴν
1346 2188 1480 2263 ἐμὴν
1508 2188 1712 2245 πίστιν.
1753 2208 1776 2242 α
1816 2183 1956 2263 Ἐγὼ

298 2276 354 2333 δὲ
415 2282 506 2334 τὸν
556 2282 853 2359 ὶρχόμενον
897 2282 1028 2360 πρὸς
1061 2280 1152 2358 μὲ,
1185 2283 1245 2337 οὗ
1275 2278 1351 2353 μὴ
1381 2275 1590 2334 ἐκϐάλω
1617 2274 1716 2341 ἔξω
1746 2298 1776 2330 ι)
1807 2296 1957 2332 τουτ-

1590 584 1727 643 ἀλλά
1756 582 1962 664 παρηλ-

1978 1808 2015 1858 Β

2043 584 2233 646 credit
2261 584 2320 646 in
2347 586 2508 647 illum
2544 607 2781 670 panem,
2814 609 2931 651 non
2964 592 3184 653 esuriet
3238 610 3435 672 neque
3472 591 3686 654 famem

2042 673 2489 738 feretaudiendi
2521 696 2827 739 semonem
2862 678 3192 761 Dei,neque
3226 680 3387 742 sitiet
3415 680 3694 760 spiritua-

2042 761 2159 822 lem
2184 762 2449 843 sitim,eo
2473 766 2629 846 quod
2666 766 2879 829 habeat
2907 788 3116 849 aquam
3153 769 3427 847 baptismi
3461 780 3520 832 et
3549 788 3690 830 san-

2043 850 2458 914 ctiﬁcationem
2485 855 2920 933 Spiritus.Nam
2944 859 3045 938 qui
3078 876 3193 919 non
3225 857 3552 937 baptizatus
3576 868 3685 933 est,

2044 940 2205 1015 sitim
2237 944 2471 1019 patitur,
2500 953 2559 1005 ct
2588 947 3246 1027 magnamariditatem,
3280 965 3492 1026 expers
3524 966 3691 1028 aquae

2043 1038 2262 1091 sanctae
2321 1032 2749 1111 refrigerantis.
2782 1036 3119 1116 Baptizatus
3174 1044 3369 1098 autem
3403 1037 3685 1116 Spiritum

2041 1117 2240 1191 habet,
2278 1138 2384 1198 per
2414 1140 2591 1200 quem
2621 1142 2861 1203 semper
2890 1124 3297 1203 refrigeretur.
3351 1124 3688 1187 Ostendens

2040 1217 2238 1270 autem
2273 1210 2430 1289 quod
2466 1210 2612 1273 ﬁdes
2642 1230 2773 1292 quae
2816 1213 2877 1274 in
2929 1213 3250 1287 Christum,
3286 1232 3403 1274 non
3436 1213 3687 1291 vulgaris

2038 1297 2327 1375 quapiam
2360 1317 2457 1359 res
2486 1299 2583 1373 sit,
2636 1302 2738 1361 sed
2789 1302 3011 1363 donum
3054 1304 3156 1365 Dei
3198 1302 3391 1381 dignis
3422 1310 3480 1363 et
3508 1303 3688 1364 rectis

2038 1384 2216 1446 corde
2247 1405 2278 1446 a
2313 1388 2485 1449 Patre
2515 1387 2741 1468 datum,
2769 1389 2910 1451 dicit
2932 1391 3085 1470 quod
3116 1416 3141 1445 α
3184 1389 3374 1453 Omne
3406 1391 3562 1471 quod
3589 1391 3689 1452 dat

2036 1474 2181 1535 mihi
2214 1474 2407 1546 Pater,
2443 1478 2515 1538 ad
2548 1496 2639 1539 me
2664 1479 2881 1551 veniet,
2920 1505 2946 1534 »
2982 1480 3093 1541 hoc
3118 1488 3227 1553 est,
3246 1481 3330 1541 illi
3353 1479 3684 1541 credentin

2042 1581 2159 1632 me,
2191 1581 2339 1642 quos
2361 1564 2460 1625 dat
2486 1565 2629 1625 mihi
2670 1568 2864 1630 Pater.
2898 1569 3016 1627 Vos
3060 1575 3255 1628 autem
3310 1568 3520 1640 Judaei,
3550 1587 3681 1629 cum

2040 1650 2267 1730 indigni
2299 1652 2449 1728 sitis,
2483 1673 2600 1715 non
2633 1655 2855 1716 damini
2884 1656 3030 1717 mihi
3060 1676 3093 1717 a
3128 1660 3334 1718 Patre:
3373 1664 3686 1736 propterea

2041 1758 2235 1820 neque
2266 1742 2477 1803 venitis
2505 1743 2579 1804 ad
2611 1762 2724 1818 me,
2752 1763 2947 1825 neque
2981 1744 3211 1807 habetis
3244 1753 3467 1807 rectum
3489 1755 3682 1823 cor,ut

2040 1848 2138 1889 vos
2168 1830 2419 1908 diligens
2449 1830 2604 1892 Deus
2636 1841 2693 1893 et
2724 1834 2896 1895 Pater
2926 1834 3102 1895 ducat
3140 1833 3213 1894 ad
3254 1852 3443 1896 meam
3477 1834 3677 1897 ﬁdem.

2044 1939 2067 1973 α
2106 1919 2225 1996 Ego
2255 1928 2449 1981 autem
2482 1940 2617 1981 eum
2668 1922 2766 2001 qui
2817 1923 2979 1984 venit
3033 1923 3107 1984 ad
3159 1942 3255 1984 me
3295 1942 3413 1983 non
3445 1923 3679 2002 ejiciam

2037 2005 2216 2079 foras,
2254 2033 2278 2062 ιι
2318 2007 2427 2068 hoc
2459 2018 2547 2069 est
2578 2028 2693 2070 non
2723 2010 2990 2090 perdam,
3017 2011 3122 2073 sed
3169 2010 3426 2090 salvabo,
3462 2020 3520 2073 et
3549 2030 3675 2072 ma-

2034 2112 2148 2171 gna
2177 2113 2318 2156 cura
2338 2094 2502 2157 illum
2522 2097 2890 2162 refocillabo.
2912 2099 3206 2161 Descendi
3225 2100 3384 2161 enim
3405 2099 3480 2161 de
3503 2101 3675 2169 caalo,

2037 2200 2153 2243 non
2188 2192 2247 2243 ut
2277 2183 2435 2245 aliud
2466 2185 2746 2266 quiddam
2798 2187 3008 2249 faciam
3072 2199 3289 2269 praeter
3318 2188 3676 2249 voluntatem

2042 2273 2244 2335 Patris.
2271 2272 2559 2336 Caeterum
2612 2275 2738 2337 haec
2796 2277 2963 2357 dicit,
3025 2290 3089 2337 ut
3131 2277 3363 2339 discant
3395 2277 3551 2357 quod
3577 2277 3678 2356 qui

300 2368 465 2447 ἐστιν,
528 2370 586 2425 οὖ
644 2370 721 2444 μὴ
779 2369 1051 2449 ἀπολέσω,
1087 2367 1223 2424 ἀλλὰ
1280 2367 1462 2445 σώσω,
1513 2369 1602 2422 καὶ
1650 2362 1944 2438 ἐπιμελείας

2036 2376 2173 2423 eum
2202 2380 2318 2421 non
2353 2361 2588 2443 recipit,
2603 2365 2723 2426 Deo
2756 2365 3444 2437 sitadversarius,Patris
3465 2366 3675 2428 volun-

298 2455 593 2513 ἀπολαῦσαι
674 2458 1063 2537 παρασκευάσω
1147 2454 1379 2523 πολλῆς.
1442 2452 1795 2520 Καταϐἑϐηκα
1851 2453 1944 2530 γὰρ

2035 2449 2136 2515 tati
2169 2469 2528 2531 repugnans.
2564 2451 2713 2524 Quia
2745 2456 2903 2516 enim
2937 2456 3103 2516 illnm
3134 2455 3538 2516 adversarium
3570 2455 3677 2518 Dei

298 2547 357 2602 ὲκ
400 2548 494 2603 τοῦ
543 2549 782 2625 ούρανοῦ,
844 2551 947 2627 οὐχ
1000 2546 1093 2603 ἵνα
1150 2545 1281 2602 ἄλλο
1309 2568 1361 2602 τι
1392 2543 1574 2624 πράξω
1602 2544 1744 2621 παρὰ
1772 2543 1833 2599 τό
1859 2541 1944 2599 θέ-

2033 2539 2325 2613 dicebant,
2351 2540 2479 2620 ipse
2510 2544 2734 2604 crimen
2767 2545 2824 2604 in
2870 2545 3004 2605 illos
3046 2545 3241 2617 vertit,
3272 2545 3507 2606 tametsi
3556 2564 3671 2605 non

296 2634 445 2711 λημα
503 2644 595 2694 τοῦ
639 2636 869 2715 Πατρός.
925 2645 1099 2695 Ταῦτα
1130 2633 1185 2691 δέ
1238 2656 1429 2713 φησιν,
1483 2633 1574 2689 ’ἵνα
1606 2634 1833 2705 μάθωσι,
1867 2629 1944 2687 ὅτι

2033 2630 2432 2705 manifeste,et
2454 2630 2674 2693 dicit:V
2681 2652 2744 2693 os
2777 2634 2921 2695 estis
2950 2634 3267 2696 adversarii
3300 2634 3430 2707 Dei,
3459 2634 3557 2713 qui
3583 2654 3675 2694 me

296 2728 323 2782 6
376 2727 453 2801 μὴ
512 2724 805 2807 δεχόμενος
840 2727 1016 2806 αὐτὸν,
1051 2724 1283 2787 ἀντίθεός
1335 2724 1499 2803 ἐστιν,
1552 2721 1944 2797 ἐναντιούμενος

2033 2737 2146 2807 non
2180 2718 2463 2799 recipitis,
2498 2721 2597 2800 qui
2629 2720 2781 2783 facio
2810 2723 3175 2784 voluntatem
3220 2721 3549 2785 Patris.Ubi
3584 2730 3677 2784 est

295 2824 370 2891 τῷ
427 2806 687 2892 θελήματι
746 2816 839 2873 τοῦ
885 2814 1111 2892 Πατρός.
1148 2811 1294 2871 Ἐπεὶ
1352 2814 1451 2891 γὰρ
1502 2813 1657 2868 αὑτὸν
1715 2810 1944 2867 ἀντίθεον

2033 2806 2332 2870 Nestorius
2363 2809 2473 2870 hoc
2504 2809 2764 2890 loco,qui
2784 2811 2925 2872 dicit
2955 2813 3108 2891 quod
3130 2819 3261 2891 post
3290 2812 3675 2873 resurrectio-

295 2905 479 2982 ἔλεγον
513 2905 734 2979 ἐκεῖνοι,
798 2905 953 2969 αῦτὸς
1011 2904 1072 2959 τὸ
1108 2901 1375 2981 ,ἔγκλημα
1425 2903 1497 2964 είς
1548 2900 1731 2963 αὐτοὺς
1758 2921 1944 2982 ,περι-

2033 2915 2165 2959 nem
2197 2898 2504 2959 deiﬁcatus
2530 2900 2605 2960 sit
2629 2898 3063 2963 Christus?Non
3087 2901 3280 2979 audis,
3307 2901 3673 2981 miser,quod

293 2978 469 3072 τρέπει
528 2995 617 3050 καί
666 3016 852 3075 φησιν,
917 2995 961 3049 εἰ
1008 2994 1093 3049 καὶ
1279 2996 1538 3069 φανερῶς,
1594 2988 1699 3061 ὅτι,
1757 2978 1943 3063 Ὑμεῖς

2033 2985 2442 3048 descenditde
2469 2987 2652 3050 εωΙοῖ
2698 2988 2830 3052 Jam
2876 2990 2977 3070 qui
3028 2990 3102 3054 de
3148 2978 3296 3051 coelo
3337 2978 3671 3061 descendit,

291 3085 406 3139 ἐστε
463 3084 709 3161 ἀντίθεοι,
768 3085 814 3138 οἱ
872 3082 948 3148 μὴ
1004 3079 1293 3160 δεχόμενοι
1362 3081 1452 3135 τὸν
1510 3086 1586 3153 τῷ
1616 3085 1705 3135 τοῦ
1741 3077 1941 3155 Πατρὸς

2033 3094 2141 3136 non
2163 3077 2363 3156 utique
2384 3077 2579 3139 nudus
2604 3090 2731 3139 erat
2756 3078 3065 3159 homo,sed
3090 3078 3268 3141 Deus.
3288 3076 3496 3140 Nudus
3514 3082 3672 3141 enim

288 3171 545 3246 θελήματι
599 3171 1003 3231 ἀκολουθοῦντα.
1053 3176 1161 3227 Ποῦ
1204 3168 1313 3226 ἐστι
1364 3168 1644 3246 Νεστόριος
1699 3166 1939 3239 ἐνταῦθα,

2033 3166 2202 3226 homo
2227 3184 2342 3225 non
2359 3166 2805 3241 descendit,sed
2828 3169 2875 3227 si
2907 3168 3148 3248 quidem
3165 3168 3431 3229 ascendit
3457 3168 3516 3229 in
3543 3188 3667 3231 caa-

290 3263 317 3315 6
368 3258 560 3338 )έγων,
625 3259 703 3316 ὅτι
748 3260 884 3334 μετά
941 3259 1041 3326 τὴν
1084 3259 1374 3315 ἀνάστασιν
1406 3256 1719 3326 ἐθεοποιήθη
1752 3258 1780 3311 6
1807 3262 1938 3335 Χρι-

2033 3253 2169 3346 lum,
2201 3255 2312 3346 _hoc
2337 3254 2428 3346 illi
2452 3256 2729 3346 concedit
2753 3265 2993 3337 propter
3021 3258 3296 3319 virtutem
3346 3256 3525 3319 Deus.
3553 3256 3664 3321 So-

289 3350 409 3414 στός
446 3368 462 3422 ;
502 3349 611 3407 Οὔκ
664 3349 891 3422 ἀκούεις,
948 3347 1275 3427 ταλαίπωρε,
1338 3344 1417 3403 ὅτι
1460 3343 1834 3432 καταϐέϐηκεν.
1880 3343 1941 3400 ἐκ

2033 3343 2417 3405 liusDomini
2450 3345 2772 3409 descensus
2831 3348 3110 3428 praevenit
3155 3364 3491 3411 ascensum.
3540 3350 3674 3435 Ipse

287 3446 378 3495 τοῦ
434 3440 699 3515 οὖρανοῦ;
762 3427 819 3495 Ὀ
880 3436 934 3492 δὲ
1002 3434 1237 3500 καταϐὰς
1296 3437 1357 3493 ἐκ
1426 3442 1518 3492 τοῦ
1576 3438 1817 3513 ούρανοῦ,
1880 3436 1938 3491 οὗ

2033 3434 2200 3510 igitur
2227 3440 2286 3493 et
2313 3432 2623 3495 descendit
2644 3436 2719 3497 de
2748 3427 2897 3497 coelo
2924 3438 3073 3498 sicut
3107 3427 3678 3517 Deus,quandoqﬁui'-

288 3527 442 3600 ιξιιλὸς
488 3525 758 3605 ἅνθρωπος
788 3525 959 3597 δήπου
988 3526 1075 3599 ἦν,
1112 3524 1250 3581 ἀλλά
1282 3527 1437 3588 Θεό).
1488 3522 1655 3586 Ψιλὸς
1696 3524 1795 3602 γὰρ
1837 3520 1935 3580 ἄν·

2033 3522 2158 3582 lem
2184 3521 2479 3583 incarnari
2511 3524 2783 3602 dignatus
2813 3534 2902 3586 est
2936 3546 2950 3584 :
2979 3534 3034 3587 et
3056 3526 3324 3587 ascendit
3358 3527 3415 3585 in
3451 3526 3669 3588 caelum

283 3620 491 3695 θρωπος
573 3618 632 3673 οὗ
708 3614 1039 3688 καταϐαίνει,
1101 3613 1220 3671 ἀλλ’
1301 3616 1345 3671 εί
1406 3614 1506 3693 ἄρα
1548 3610 1816 3669 ἀναϐαίνει
1861 3612 1934 3675 εἰς

2033 3630 2151 3671 :um
2183 3610 2309 3672 θοι
2352 3630 2557 3692 carne,
2588 3621 2652 3674 ut
2682 3614 2857 3674 homo
2880 3614 3239 3688 scilicet,ubi
3270 3623 3395 3675 erat
3420 3614 3581 3695 prius
3607 3626 3670 3677 ut

284 3708 527 3780 οὐρανὸν,
587 3705 953 3785 χαριζομένου
1006 3702 1073 3761 δι’
1135 3705 1328 3783 ἀρενὴν
1383 3712 1537 3760 τοῦτο
1613 3709 1707 3760 τοῦ
1782 3707 1933 3759 Θεοῦ.

2033 3699 2335 3763 Deus.Non
2367 3701 2549 3779 igitur
2571 3703 2765 3765 nudus
2790 3704 2965 3765 homo
2998 3712 3125 3765 erat
3155 3703 3420 3766 Christus
3464 3716 3664 3785 postea

283 3792 431 3851 Ἐπεὶ
485 3795 570 3850 οὖν
639 3801 733 3850 τοῦ
806 3794 992 3873 Κυρίου
1047 3795 1081 3861 ἡ
1142 3790 1440 3857 καταϐασις
1514 3787 1775 3870 προέλαϐε
1832 3789 1933 3855 τὴν

2033 3789 2346 3862 leiﬂcatus,
2383 3790 2537 3851 sicut
2566 3791 2857 3853 delirabat
2882 3792 3215 3865 Nestorius,
3239 3794 3341 3854 sed
3374 3794 3530 3855 Deus
3551 3813 3661 3857 an-

283 3881 556 3954 ἀνάϐασιν,
618 3886 645 3940 6
703 3884 859 3946 αὐτὸς
917 3890 1006 3940 οῦν
1055 3884 1143 3939 καὶ
1199 3879 1397 3949 κατέϐη
1453 3881 1506 3948 ἓξ
1565 3882 1807 3958 οὐρανοῦ,
1861 3880 1934 3936 ὡς

2033 3895 2075 3938 Le
2106 3878 2343 3954 saacula,
2370 3879 2713 3942 incarnatus
2746 3881 3078 3943 novissimis
3111 3883 3496 3962 temporibus.

290 3974 420 4035 Θεὸς
449 3970 721 4045 δηλονότι,
756 3969 841 4028 διὰ
869 3974 931 4028 τὸ
986 3971 1385 4051 ἐνανθρωπῆσαι
1441 3966 1777 4048 σδγκαταϐάς
1813 3983 1827 3998 ⁶
1888 3969 1975 4024 καὶ
2005 3966 2167 4035 ἀνέϐη
2200 3972 2272 4033 εἷς
2300 3971 2567 4048 οὓρανοὺς,
2624 3972 2758 4046 μετά
2802 3975 2991 4043 σαρκὸς
3024 3971 3228 4040 δηλαδὴ
3260 3975 3331 4035 ὡς
3368 3972 3658 4052 ἅνθρωπος,

282 4061 398 4118 ἔνθα
427 4064 493 4129 ἦν
522 4064 581 4118 τὸ
611 4064 863 4140 πρότερον
892 4065 965 4126 ὡς
999 4062 1149 4127 Θεός.
1184 4064 1290 4120 Οὐκ
1320 4060 1419 4138 ἀρα
1455 4059 1611 4136 ψιλὸς
1646 4058 1920 4134 ἅνθρωπος
1950 4060 1979 4114 ὃ
2015 4062 2260 4131 λριστὸς,
2294 4061 2501 4122 θεωθεὶς
2532 4059 2767 4139 ὕστερον,
2808 4062 2881 4123 ὡς
2932 4060 3105 4138 ἐλήρει
3163 4064 3464 4140 Νεστόριος,
3527 4065 3662 4122 ἀλλὰ

284 4156 411 4215 Θεὸς
443 4153 759 4225 προαιώνιος
792 4151 1201 4231 ἐνανθρωπήσας
1245 4150 1297 4207 ἐν
1335 4150 1594 4230 ἐσχατοῒς
1625 4164 1861 4228 καιροῖς.

364 4259 393 4299 (
430 4248 589 4298 Τοῦτο
618 4238 675 4297 δέ
717 4240 827 4298 ἔστι
863 4243 924 4297 τὸ
979 4240 1190 4316 θέλημα
1230 4248 1321 4296 τοῦ
1368 4238 1683 4315 πέμψαντός
1715 4260 1778 4313 με
1819 4245 1927 4293 Πα-

2095 4236 2279 4301 Vnus.
2311 4238 2409 4310 59,
2437 4240 2562 4302 40..
2595 4238 2779 4300 «Haec
2820 4248 3014 4300 autem
3063 4242 3327 4302 voluntas
3374 4244 3524 4321 ejus,
3561 4246 3662 4324 qui

282 4331 420 4406 τρὸς,
477 4329 569 4384 ἵνα
601 4336 703 4385 πᾶν
738 4331 765 4386 ὂ
803 4327 994 4385 δέδωκέ
1025 4352 1144 4404 μοι,
1174 4330 1232 4385 οὗ
1263 4329 1340 4404 μὴ
1371 4326 1621 4384 ἀπολέσω
1650 4325 1702 4392 ἐξ
1750 4329 1926 4400 αὖτοῦ,

2034 4326 2173 4388 nisit
2195 4330 2607 4404 me,Patris,ut
2638 4347 2817 4390 omne
2849 4330 3004 4410 quod
3031 4329 3195 4389 dedit
3217 4330 3513 4403 mihi,non
3532 4353 3662 4412 per-

281 4416 413 4472 Ξιλὶὰ
470 4416 758 4487 ἀναστήσω
802 4419 925 4474 αὑτὸ
981 4417 1035 4472 ἐν
1092 4423 1161 4493 τῇ
1217 4418 1427 4497 ἰσχὰτῃ
1508 4415 1704 4493 ἡμέρᾳ.
1766 4417 1932 4473 Τοῦτο

2033 4416 2145 4477 lam
2172 4435 2241 4477 ex
2274 4417 2477 4491 eo,sed
2510 4418 2858 4479 resuscitem
2905 4418 3051 4479 illud
3086 4418 3143 4478 in
3179 4420 3503 4481 novissimo
3535 4423 3656 4484 die.

280 4506 331 4561 δέ
377 4505 487 4561 ἐστι
546 4508 605 4561 τὸ
668 4506 875 4582 θέλημα
934 4514 1027 4563 τοῦ
1084 4506 1397 4581 πέμψαντός
1456 4527 1548 4581 με,
1607 4506 1699 4561 ἵνα
1759 4510 1863 4569 πᾶς
1900 4506 1929 4561 6

2033 4507 2148 4573 laec
2169 4512 2258 4566 est
2288 4516 2482 4568 autem
2519 4507 2785 4568 voluntas
2808 4508 2937 4587 ejus
2969 4509 3065 4587 qui
3101 4508 3256 4568 misit
3289 4528 3403 4584 me,
3440 4519 3656 4571 utom-

679 4561 873 4582 ""'t“’
949 4561 958 4563 ν
1009 4561 1016 4562 7
1093 4561 1165 4581 rﬂl
1211 4561 1223 4579 1
1263 4561 1270 4563 ⁷
1323 4561 1330 4562 7
1379 4561 1394 4571 '
1456 4561 1490 4581 1⁷
1534 4561 1548 4577 ν
1847 4561 1860 4569 ⁷

277 4599 487 4675 θεωρῶν
541 4597 632 4651 τὸν
692 4597 836 4673 Υἱὸν,
896 4599 983 4652 καὶ
1040 4598 1303 4652 πιστεύων
1334 4596 1405 4661 είς
1437 4596 1616 4674 αὑτὸν,
1651 4593 1755 4674 ἔχῃ
1785 4594 1929 4664 ζωὴν

2033 4593 2106 4655 iis
2135 4595 2237 4674 qui
2257 4595 2415 4656 videt
2442 4596 2678 4668 Filium,
2714 4604 2771 4656 et
2813 4561 3002 4658 egredi:
3044 4596 3104 4657 in
3130 4615 3288 4669 eum,
3324 4561 3536 4661 habeat
3566 4600 3657 4659 vi-

597 4686 685 4741 καὶ
742 4683 1028 4754 ἀναστήσω
1085 4684 1244 4740 αὑτὸν
1298 4682 1406 4761 ἐγὼ
1462 4683 1517 4740 ἐν
1581 4684 1650 4751 τῆ
1720 4678 1928 4762 ἐσχάτῃ

2036 4702 2129 4743 am
2161 4693 2470 4761 aeternam,
2506 4694 2565 4747 et
2595 4703 2701 4764 ego
2729 4685 3025 4747 suscitabo
3059 4705 3192 4747 eum
3246 4688 3300 4746 in
3336 4689 3658 4753 novissimo

275 4773 468 4852 ἡμέρᾳ.
506 4797 529 4829 ιι
598 4774 850 4854 Συνεχῶς
907 4776 1079 4841 τίθησι
1138 4773 1224 4847 τὸ,
1303 4797 1330 4827 α
1395 4771 1600 4829 Δέδωκὲ
1644 4774 1793 4847 μοιὸ
1826 4778 1931 4827 Πα-

2033 4772 2108 4833 lie
2144 4793 2172 4831 ›
2204 4773 2469 4835 Subinde
2493 4775 2675 4854 ponit.
2712 4799 2737 4829 α
2765 4774 2935 4835 Dedit
2962 4774 3107 4835 mihi
3143 4777 3336 4847 Pater,
3375 4798 3401 4833 ι)
3441 4786 3499 4837 ut
3532 4797 3660 4857 per-

274 4863 397 4940 τὴρ,
452 4887 475 4920 ιι
530 4862 625 4919 ἵνα
680 4861 858 4940 πλήξῃ
907 4865 1002 4927 τὰς
1060 4860 1272 4935 καρδίας
1302 4863 1495 4936 αὐτῶν,
1530 4865 1615 4919 καὶ
1645 4863 1925 4940 ἐπιγνῷεν,

2033 4863 2254 4941 ιῑτίηεδῑ
2280 4862 2458 4925 corda
2486 4863 2724 4925 illorum
2756 4872 3153 4942 utagnoscant
3179 4880 3242 4928 se
3270 4864 3374 4925 Dei
3412 4885 3659 4928 munere

274 4952 352 5009 ὅτι
403 4958 502 5020 τῆς
556 4961 651 5010 τοῦ
710 4953 841 5009 Θεοῦ
898 4952 1098 5032 δωρεᾶς
1175 4954 1374 5019 ἀνάξιοί
1417 4955 1569 5016 εἰσιν,
1633 4954 1689 5010 Εἰ
1743 4953 1843 5031 γὰρ
1900 4954 1927 5008 6

2036 4952 2308 5031 ndignos.
2337 4952 2480 5014 Nam
2525 4954 2574 5014 si
2612 4956 2788 5016 Pater
2818 4954 2915 5014 dat
2940 4962 3003 5016 ut
3034 4972 3310 5032 magnum
3341 4954 3653 5034 quiddam,

279 4686 488 4740 αἰώνιον
520 4700 536 4717 ⁸

275 5046 457 5120 Πατὴρ
514 5040 721 5097 δίδωσιν
782 5044 854 5106 ὡς
903 5043 1041 5120 μέγα
1099 5064 1149 5098 τι
1195 5044 1290 5111 τὴν
1348 5044 1419 5103 εἷς
1475 5042 1700 5121 Χριστὸν
1729 5041 1925 5114 πίστιν,

276 5132 419 5187 αὐτοὶ
472 5128 526 5185 δὲ
581 5131 780 5197 ταύτην
837 5134 932 5189 οὒκ
984 5131 1194 5211 ἔχουσι,
1243 5129 1508 5210 πρόδηλον
1556 5130 1635 5186 ὅτι
1691 5134 1789 5196 τῆς
1836 5138 1930 5187 τοῦ

274 5220 403 5276 Θεοῦ
459 5222 656 5298 δωρεᾶς
723 5220 1199 5282 ἁποπεπτώκασιν,
1287 5218 1430 5297 Ἐγὼ
1487 5219 1685 5298 τοίνυν,
1742 5220 1921 5299 φησὶν,

271 5311 364 5364 οὒκ
394 5307 640 5365 ἀπολέσω
669 5312 757 5370 οῦς
801 5308 977 5365 δίδωσί
1020 5332 1111 5383 μοι
1169 5312 1196 5365 6
1240 5310 1447 5388 Πατὴρ,
1498 5308 1759 5384 τοοτέστι,
1804 5309 1923 5373 τοὺς

271 5398 615 5463 πιστεύοντός
650 5422 739 5474 μοι
775 5415 787 5428 ⁸
838 5397 956 5454 ἀλλ’
1017 5399 1305 5469 ἀναστήσω
1352 5400 1563 5473 αὐτοὺς,
1599 5397 1727 5477 ὀίπερ
1756 5397 1920 5477 ἐστιν,

2011 5041 2249 5120 dignam
2291 5041 2351 5103 in
2384 5042 2682 5105 Christum
2714 5042 2918 5123 ﬁdem,
2946 5042 3057 5123 ipsi
3108 5052 3304 5105 autem
3342 5043 3504 5105 illam
3539 5064 3657 5108 non

2013 5130 2252 5203 habent,
2274 5131 2657 5197 manifestum
2682 5132 2947 5212 estquod
2982 5132 3137 5193 dono
3172 5132 3274 5193 Dei
3299 5133 3653 5195 exciderint.

2011 5216 2187 5297 Igitur
2209 5220 2688 5300 ego,inquit,non
2723 5221 2964 5300 perdam
2994 5239 3143 5302 quos
3165 5222 3262 5283 dat
3286 5222 3432 5283 mihi
3460 5225 3657 5295 Pater,

2009 5308 2120 5369 hoc
2150 5316 2237 5368 est
2267 5328 2369 5371 eos
2398 5309 2499 5389 qui
2519 5311 2771 5372 credunt
2797 5310 3076 5381 n.ihi,sed
3109 5311 3474 5372 resuscitabo
3497 5311 3655 5388 illos,

2007 5397 2119 5458 hoc
2150 5408 2240 5458 est
2268 5397 2328 5458 in
2361 5399 2808 5461 resurrectione
2863 5399 3123 5461 claritate
3157 5400 3292 5463 illos
3343 5400 3652 5479 dignabor.

270 5488 608 5549 ἀναστάσεως
662 5486 879 5551 ἀξιώσω
930 5485 1203 5565 λαμπρᾶς,
1270 5488 1433 5553 Διττὴ
1509 5486 1608 5565 γάρ
1674 5485 1813 5542 ἐστιν
1885 5488 1918 5554 ἡ

2033 5486 2229 5565 )uplex
2261 5488 2417 5547 enim
2432 5490 3040 5551 estresurrcctiomna
3054 5489 3288 5569 quidem
3322 5492 3659 5553 communis

266 5576 554 5637 ἀνάστασις
594 5595 603 5607 ·
667 5577 700 5644 ἦ
746 5580 845 5651 μὲν
888 5577 1037 5643 κοινθ⁶
1085 5578 1169 5632 καὶ
1218 5575 1495 5650 καθολικιὶ,
1542 5577 1606 5644 ἣν
1648 5576 1841 5640 πάντες
1874 5577 1921 5633 οἱ

272 5669 339 5740 ἅμ
350 5667 573 5745 αρτωλοὶ
628 5668 869 5726 ἀνίσταντ
880 5692 928 5723 αι
966 5686 977 5696 ·

2005 5583 2057 5635 et
2072 5576 2511 5658 generalis,qua
2525 5597 2733 5639 omnes
2754 5580 2929 5640 etiam
2948 5587 3292 5659 peccatores
3313 5590 3655 5661 resurgunt;

1032 5672 1059 5737 ἡ
1095 5668 1175 5748 δέ,
1209 5670 1274 5735 ἢν
1309 5670 1457 5742 μόνοι
1516 5671 1561 5726 οἱ
1605 5667 1791 5727 δίκαιοι
1847 5671 1918 5733 εἷς

2038 5664 2330 5747 ltera,qua
2362 5665 2470 5727 soli
2486 5666 2628 5746 justi
2661 5675 3073 5729 asssumuntur
3100 5667 3158 5730 in
3200 5686 3510 5731 occursum
3536 5668 3659 5751 Do_
