4060 6294
185 369 334 436 1305

859 371 960 436 EN
965 371 1309 436 ARRATIO
1355 377 1439 439 IN
1483 375 1838 438 EVANGEL

1928 377 1992 437 M
2035 378 2378 441 JOANNIS.
2428 411 2505 422 —
2548 380 2713 441 CAP.
2761 381 2867 443 VI.

3419 374 3570 439 i306

176 508 476 569 πιστεῦσαι,
544 496 775 570 ’Ἄλλως
822 503 900 561 δέ’
947 505 1215 571 Ἐκείιους
1247 507 1388 564 ἕλκει
1420 511 1447 565 6
1481 509 1685 588 Πατὴρ,
1719 509 1838 572 τοὺς

1928 506 2153 572 diturus
2185 518 2296 575 est.
2340 511 2414 573 Et
2441 510 2613 574 aliter
2647 533 2660 570 :
2696 511 2836 573 Illos
2865 511 3044 574 trahit
3086 514 3285 594 Pater,
3319 512 3420 589 qui
3453 512 3565 574 ha-

179 596 314 652 κατὰ
389 595 692 675 προαίρεσιν
791 593 1208 663 ὶπιτηδειότητα
1291 597 1539 678 ἔχοντας·
1600 600 1720 664 τοὺς
1779 597 1832 653 δὲ

177 688 501 770 ποιήσαντας
572 687 787 749 ἑαυτοὺς
879 685 1296 762 ἀνεπιτηδείους,
1385 693 1489 770 οὐχ
1559 689 1700 747 ’ἑλκει
1759 693 1830 754 εἰς

178 777 377 836 πίστιν.
412 765 629 853 ’Ὠσπερ
659 776 759 853 γὰρ
803 775 838 842 ἠ
882 778 1172 854 μαγνῆτις,
1207 779 1267 834 οὖ
1309 765 1504 859 πάντα,
1539 780 1626 844 οἷς
1659 801 1829 858 προσ-

176 868 392 943 εγγίζει,
448 863 584 923 ἀλλὰ
640 864 802 938 μόνον
886 867 977 922 τὸν
1051 864 1261 942 σίδηρον
1291 866 1454 924 ἕλκει·
1491 866 1628 924 οὕτω
1685 871 1771 925 καὶ
1803 871 1830 924 6

178 957 330 1026 Θεὸς,
391 960 522 1011 πᾶσι
589 953 683 1030 μὲν
736 953 953 1033 ἐγγίζει,
1013 955 1132 1020 τοὺς
1218 955 1674 1036 ἐπιτηδειοτέρους
1749 957 1829 1030 δὲ,

176 1046 264 1101 καὶ
306 1044 565 1101 οἰκείωσίν
595 1064 711 1100 τινα
766 1045 897 1121 πρὸς
945 1044 1100 1100 αὐτὸν
1158 1043 1614 1121 ἐπιδεικνυμένους
1661 1046 1829 1108 ἓλκει.

180 1125 238 1192 Ὀ
310 1135 406 1208 μὶν
464 1133 553 1190 οὖν
602 1134 784 1211 Πατὴρ
840 1132 981 1189 ἕλκει
1025 1135 1114 1190 καὶ
1142 1136 1396 1213 προσάγει
1427 1141 1504 1208 τῷ
1548 1140 1677 1210 Υἱῷ,
1723 1139 1750 1192 6
1777 1135 1830 1192 δὲ

180 1225 299 1288 Υἱὸς
331 1224 536 1298 ἁνιστᾷ,
582 1223 670 1278 καὶ
697 1230 972 1301 ζωοποιεῖ,
1007 1223 1092 1280 καὶ
1119 1224 1218 1291 τὴν
1256 1226 1312 1281 ἒν
1355 1225 1579 1303 ἀγαθοῖς
1623 1227 1814 1304 πνοὴν,

177 1315 267 1369 καὶ
315 1314 480 1391 ζωὴ),
541 1312 575 1380 ἦ
633 1312 748 1368 ἐστι
778 1315 838 1369 τὸ
872 1319 1084 1388 Πνεῦμα
1112 1315 1173 1369 τὸ
1222 1313 1395 1392 ἂγιον,
1442 1315 1816 1394 χαριζόμενος.

184 1395 247 1459 Ἠ
278 1403 399 1482 ἁγία
443 1403 531 1459 οὖν
563 1403 720 1481 Τριὰς
793 1407 1059 1480 εὐεργετεῖ
1126 1403 1248 1468 τοὺς
1300 1405 1672 1477 πιστεύοντας,
1732 1406 1820 1459 καὶ

182 1495 244 1551 οὗ
290 1494 432 1572 παρὰ
505 1493 660 1571 μέρος
718 1494 745 1546 6
816 1492 993 1571 Πατὴρ
1050 1492 1235 1567 μόνος,
1306 1493 1341 1561 ἢ
1373 1496 1399 1549 6
1451 1495 1567 1557 Υἱὸς
1633 1509 1814 1569 μοδος⁶

180 1580 302 1638 ἀλλ’
372 1583 551 1649 ὥσπερ
606 1583 701 1656 μία
762 1581 935 1661 φύσις,
1010 1581 1148 1638 οὕτω
1190 1581 1278 1636 καὶ
1308 1583 1340 1649 ἡ
1386 1585 1484 1650 τῆς
1533 1584 1829 1661 εὐεργεσίας

182 1670 418 1748 ἐνέργεια
476 1671 593 1745 μία,
654 1677 746 1727 τοῦ
805 1671 1007 1748 Πατρὸς
1067 1670 1449 1748 προσάγοντος,
1543 1682 1635 1730 τοῦ
1716 1676 1834 1728 Υἱοῦ

181 1761 592 1832 ζωόποιοῦντος,
654 1766 744 1816 τοῦ
815 1759 964 1837 ἁγίου
1021 1758 1326 1832 Πνεύματος
1377 1759 1490 1815 ἀντὶ
1532 1761 1700 1828 πνοῆς
1743 1786 1836 1840 γιι-

180 1849 405 1924 νομὲνου
461 1859 579 1915 τοῦς
651 1848 1119 1923 ζωοποιουμένοις.
1169 1853 1280 1911 Πᾶς
1355 1850 1453 1926 γὰρ
1506 1853 1534 1906 6
1577 1853 1704 1924 ζῶν,
1751 1853 1838 1908 καὶ

177 1939 350 2006 πνοὴν
421 1938 560 2018 ἔχει.
599 1928 744 2015 ΗΟρα
773 1935 827 1993 δὲ
855 1942 954 2004 τὴν
986 1937 1250 1995 αὐθεντίαν
1277 1940 1373 1994 τοῦ
1407 1941 1550 1999 Υἶοῦο
1589 1964 1616 1994 α
1669 1940 1833 2020 Ἐγώ,

180 2030 370 2109 φησὶν,
402 2028 708 2097 ἀναστήσω.
772 2051 794 2082 ι
873 2031 981 2085 Οὒκ
1035 2028 1157 2083 εἷπε
1201 2027 1324 2105 γὰρ,
1386 2027 1489 2103 ὅτι,
1540 2019 1597 2088 Ὀ
1656 2019 1837 2108 Πατήρ

185 2140 292 2193 μου
361 2117 670 2187 ἀναστήσει,
704 2112 853 2186 ἀλλ’,
894 2138 915 2170 ε
955 2113 1119 2191 Ἐγὼ.
1161 2137 1183 2171 ι
1218 2117 1292 2174 Οὐ
1318 2117 1418 2195 γὰρ
1465 2116 1532 2173 δι’
1583 2117 1708 2178 ὅλου
1736 2141 1836 2174 τα..

183 2213 383 2271 πεινῶς
441 2205 741 2286 φθέγγεται,
811 2203 933 2260 ἀλλ’
1019 2203 1160 2260 ἔστιν
1212 2204 1270 2260 οὗ
1320 2207 1409 2262 καὶ
1451 2209 1512 2264 τὸ
1570 2208 1702 2284 ὕψος
1735 2211 1832 2274 τῆς

186 2297 384 2360 οἰκείας
415 2293 728 2350 ὶκκαλύπτει
758 2291 1033 2360 θεότητος,

279 2410 307 2442 ι
342 2385 514 2444 ’Ἔστι
559 2382 923 2462 γεγραμμένον
947 2386 1003 2439 ἓν
1028 2385 1152 2448 τοῖς
1193 2387 1516 2467 προφήταις
1555 2389 1653 2445 Καὶ
1681 2387 1836 2444 ἔσον-

187 2499 278 2534 ται
335 2475 528 2533 πάντες
585 2471 810 2529 διδακτοὶ
868 2475 958 2528 τοῦ
1013 2481 1166 2532 Θεοῦ.
1228 2482 1337 2539 Πᾶς
1396 2475 1484 2532 οὖν
1544 2477 1571 2531 6
1629 2477 1835 2535 ἁκούων

1921 596 2064 660 bent
2092 600 2404 661 voluntatis
2435 599 2853 677 aptitudinem.
2891 599 3006 662 Eos
3041 608 3236 662 autem
3269 601 3366 681 qui
3400 601 3563 680 seip-

1916 705 2013 746 sos
2043 706 2157 748 non
2191 688 2410 750 faciunt
2441 689 2713 763 idoneos,
2748 709 2864 751 non
2891 691 3068 753 trahit
3096 690 3169 751 ad
3206 689 3558 752 ﬁdem.Nam

1915 775 2066 838 sicut
2097 795 2338 856 magnes
2367 797 2484 839 non
2518 778 2717 839 omnia
2739 779 2812 840 ad
2845 799 2975 860 quae
3031 780 3275 860 propius
3297 780 3558 859 applica-

1916 874 2033 945 tur,
2058 867 2160 926 sed
2195 867 2386 927 solum
2410 868 2630 928 ferrum
2664 870 2928 945 attrahit;
2963 870 3040 931 ita
3072 877 3130 931 et
3158 869 3314 932 Deus
3334 868 3405 928 ad
3438 887 3559 928 om-

1918 972 2022 1014 nes
2053 954 2288 1034 quidem
2311 956 2673 1036 apprOpriat,
2710 976 2812 1019 eos
2858 968 3052 1020 autem
3079 958 3180 1039 qui
3211 958 3395 1036 magis
3425 957 3558 1017 ido-

1917 1044 2037 1118 nei,
2069 1052 2127 1105 et
2156 1044 2613 1106 familiaritatem
2639 1063 2774 1125 erga
2805 1047 2997 1126 ipsum
3046 1067 3166 1128 prae
3225 1066 3288 1109 se
3339 1047 3556 1125 ferunt,

1917 1132 2117 1193 trahit.
2147 1132 2329 1211 Igitur
2359 1136 2536 1196 Pater
2557 1135 2796 1214 quidem
2820 1136 2998 1197 trahit
3027 1146 3084 1198 et
3112 1136 3350 1198 adducit
3373 1136 3444 1196 ad
3467 1135 3558 1195 Fiv

1904 1223 2074 1294 lium,
2110 1222 2297 1284 Filius
2321 1231 2514 1285 autem
2550 1226 2864 1286 resuscitat
2897 1233 2954 1286 et
2984 1227 3255 1300 viviﬁcat,
3293 1226 3352 1286 in
3384 1224 3556 1286 bonis

1906 1312 2079 1372 vitam
2133 1320 2189 1372 et
2234 1313 2649 1392 spirationem,
2687 1316 2798 1376 hoc
2843 1323 2930 1376 est
2977 1315 3257 1395 Spiritum
3291 1321 3556 1375 sanctum

1905 1399 2195 1463 tribuens.
2237 1405 2441 1482 Itaque
2493 1413 2695 1465 sancta
2747 1403 3004 1466 Trinitas
3037 1405 3328 1466 benefacit
3359 1404 3430 1463 iis
3459 1396 3557 1483 qui

1913 1489 2186 1570 credunt,
2223 1499 2280 1552 et
2311 1511 2428 1552 non
2454 1490 2625 1554 Pater
2651 1494 2833 1573 solus,
2869 1495 2960 1555 vel
3005 1493 3191 1555 Filius
3240 1494 3423 1571 solus,
3455 1493 3557 1554 sed

1918 1579 2072 1640 sicut
2098 1598 2212 1640 una
2256 1593 2492 1661 natura,
2528 1583 2604 1643 ita
2637 1602 2754 1643 una
2802 1585 3067 1663 operatio
3127 1582 3560 1653 beneﬁcentiae,

1923 1670 2112 1730 Patris
2142 1670 2516 1746 adducentis,
2551 1672 2686 1734 Filii
2704 1673 3076 1746 viviﬁcantis,
3101 1672 3354 1752 Spiritus
3378 1670 3565 1732 sancti

1922 1758 2021 1837 qui
2056 1759 2119 1818 lit
2169 1759 2242 1819 iis
2301 1760 2400 1838 qui
2436 1761 2826 1841 vivificantur,
2854 1779 2958 1842 pro
2989 1761 3332 1842 spiratione.
3361 1761 3570 1823 Omnis

1923 1849 2078 1910 enim
2115 1848 2212 1926 qui
2235 1849 2394 1929 vivit,
2428 1851 2605 1911 etiam
2640 1852 3023 1931 spirationem
3055 1849 3249 1913 habet.
3279 1850 3426 1910 Vide
3457 1869 3571 1911 au—

1922 1945 2037 1999 tem
2069 1939 2470 1998 auctoritatem
2502 1940 2632 2002 Filii
2665 1958 2677 2003 :
2721 1964 2742 1996 α
2781 1941 2924 2020 Ego,
2960 1940 3172 2019 inquit,
3205 1939 3569 2002 suscitabo.»

1923 2029 2052 2089 Non
2097 2025 2240 2087 dixit
2271 2027 2454 2103 enim,
2479 2028 2651 2090 Pater
2682 2048 2850 2092 meus
2874 2027 3567 2107 suscitabit;sed,¢Ego.»

1923 2117 2052 2178 Non
2086 2117 2244 2177 enim
2278 2135 2383 2196 per
2422 2118 2621 2179 omnia
2651 2119 2897 2180 humilia
2930 2119 3212 2200 loquitur,
3263 2116 3367 2180 sed
3419 2136 3572 2178 non-

1922 2225 2223 2286 nunquam
2255 2205 2530 2268 sublimia
2560 2227 2680 2270 suae
2711 2209 2946 2272 deitatis
2976 2207 3216 2285 detegit.

2003 2390 2182 2451 Vens.
2217 2391 2316 2453 45.
2358 2414 2384 2445 α
2419 2388 2521 2451 Est
2551 2389 2834 2471 scriptum
2869 2390 2927 2452 in
2959 2390 3284 2470 prophetis.
3308 2389 3378 2450 Et
3393 2396 3571 2451 erunt

1923 2495 2130 2539 omnes
2161 2478 2320 2540 docti
2350 2497 2383 2539 a
2413 2478 2560 2542 Deo.
2581 2479 2789 2540 Omnis
2809 2496 2947 2556 ergo
2979 2478 3081 2559 qui
3120 2478 3286 2540 audit
3315 2497 3348 2538 a
3373 2475 3569 2551 Patre,

187 2567 336 2645 παρᾶ
382 2572 474 2621 τοῦ
503 2564 704 2641 Πατρὸς
753 2562 838 2618 καὶ
882 2565 1086 2638 μαθὼν,
1147 2563 1362 2644 ἔρχεται
1417 2568 1546 2641 πρὸς
1591 2565 1682 2641 μέ’
1740 2567 1838 2646 οὔχ

1929 2573 1986 2625 et
2017 2565 2242 2641 didicit,
2279 2568 2435 2628 venit
2461 2569 2534 2628 ad
2569 2587 2703 2630 me:
2737 2587 2854 2629 non
2908 2569 3060 2648 quod
3100 2565 3329 2628 Patrem
3363 2565 3577 2626 viderit

187 2657 276 2713 ὅτι
347 2655 436 2711 16v
510 2651 716 2728 Πατέρα
743 2673 824 2716 τις
854 2651 1110 2732 ἑώρακεν,
1144 2655 1188 2708 εἰ
1220 2654 1298 2729 μὴ
1347 2656 1375 2709 6
1427 2653 1500 2710 ὤν
1557 2656 1699 2733 παρὰ
1753 2656 1838 2712 τοῦ

1928 2655 2263 2736 quisquam,
2322 2657 2434 2717 nisi
2488 2660 2588 2737 qui
2645 2665 2734 2718 est
2775 2676 2808 2717 a
2835 2659 2959 2720 Deo
3009 2657 3102 2718 hic
3132 2656 3276 2717 vidit
3316 2655 3570 2716 Patrem.

192 2753 352 2816 Θεοῦ,
413 2746 564 2806 οὗτος
616 2741 817 2819 ἑώρακε
869 2743 958 2797 τὸν
1005 2742 1235 2812 Πατέρα.
1288 2741 1483 2818 Ἀμὴν,
1515 2743 1660 2818 ἀμὴν
1703 2743 1838 2822 λέγω

1929 2744 2143 2814 Amen,
2180 2763 2351 2807 amen
2383 2745 2517 2806 dico
2539 2745 2704 2808 vobis
2739 2764 2752 2808 :
2788 2745 2888 2824 qui
2919 2745 3165 2807 conﬁdit
3199 2743 3369 2816 mihi,
3395 2742 3574 2804 habet

194 2840 349 2912 δμϊν,
386 2837 414 2891 6
443 2831 824 2915 πιστεύωνεῖς
855 2829 973 2905 ἐμὲ,
1007 2830 1125 2909 ἔχει
1152 2832 1295 2901 ζωὴν
1327 2831 1560 2892 αἰώνιον,
1615 2857 1638 2889 ι
1678 2834 1838 2891 Εἶπεν

1933 2837 2102 2895 vitam
2133 2834 2645 2896 aeternam.»Dixit
2675 2835 2951 2915 superius
2980 2833 3134 2912 quod
3149 2836 3234 2894 uls
3265 2850 3437 2912 quem
3463 2831 3572 2892 Pa-

190 2908 468 3001 ἀνωτέρω,
515 2920 594 2976 ὅτι
630 2942 658 2974 α
696 2908 803 2976 υΟν
832 2917 893 2974 ἄν
924 2908 1118 2993 ἐλκύσῃ
1151 2920 1179 2974 6
1203 2919 1407 2997 Πατὴρ,
1441 2919 1648 2984 ἐκεῖνος
1694 2920 1838 2999 ἔρχε.

1932 2932 2022 2983 ter
2045 2923 2390 2997 traxerit,ad
2414 2942 2507 2984 me
2527 2908 3016 2985 venietﬂVolené
3046 2930 3241 2983 autem
3266 2908 3376 2981 hoc
3399 2919 3572 2981 doce-

193 3035 285 3070 ται
357 3012 487 3088 πρὸς
546 3007 632 3083 μέ·
674 3029 700 3062 ι
735 3005 899 3062 θέλων
958 3004 1013 3062 δὲ
1091 3007 1246 3063 τοῦτο
1300 3009 1708 3080 κατασκευάσαι,
1760 3006 1838 3063 ἐπῖ

1929 3031 1994 3073 re
2028 3019 2088 3072 et
2117 3013 2492 3085 confirmare,
2527 3012 2584 3072 in
2640 3013 2928 3092 propheta
2981 3011 3161 3073 refert
3205 3027 3568 3082 sermonem,

189 3102 316 3162 τοὺς
374 3086 648 3177 προφήτας
706 3093 950 3172 ἀναφέρει
1006 3097 1096 3150 τὸν
1167 3093 1348 3173 λόγον.
1421 3119 1447 3150 ι
1500 3086 1665 3153 ’Ἐστι
1719 3098 1838 3174 γὰρ,

1937 3099 2072 3162 «Est
2094 3086 2782 3181 enim,inquit,scriptum
2807 3102 2862 3161 in
2895 3098 3414 3181 prephetis,Erunt
3432 3098 3574 3159 595

191 3190 346 3268 φησὶ,
398 3183 762 3265 γεγραμμένον
793 3183 846 3238 έν
888 3196 1007 3249 τοῖς
1038 3184 1358 3264 προφήταις,
1415 3187 1520 3259 ὃτι,
1573 3183 1840 3243 ’Ἔσονται

193 3277 390 3338 πάντες
445 3272 675 3330 διδακτοὶ
731 3280 880 3330 Θεοῦ·
944 3296 965 3328 ι
1055 3274 1247 3337 πάντες
1307 3273 1361 3329 δὲ
1428 3277 1474 3330 οἱ
1529 3275 1840 3351 βουλόμενοι

195 3365 466 3433 δηλονότι.
529 3365 710 3427 Κοινὸς
738 3362 838 3440 γὰρ
897 3361 1207 3426 διδάσκαλος
1241 3366 1268 3419 ὁ
1312 3364 1516 3444 Πατὴρ,
1573 3363 1640 3420 δι’
1701 3357 1836 3420 ἄποο

191 3454 473 3530 καλύψεως
531 3452 794 3531 γνωρίζων
871 3452 992 3515 τοῖς
1061 3451 1220 3518 ἀξίοις
1275 3455 1365 3509 τὸν
1455 3455 1574 3510 Υἱὸν
1659 3456 1836 3516 αὖτοῡ,

187 3542 526 3620 Ἀπτόμενος
559 3543 656 3620 γὰρ
685 3547 790 3598 τῶν
837 3540 1060 3621 καρδιῶν
1113 3550 1218 3598 τῶν
1269 3541 1468 3599 ὰδόλων
1523 3546 1610 3600 καὶ
1665 3544 1835 3601 ἀπαν-

199 3636 426 3714 ούργων,
483 3629 844 3689 ἀποκαλύπτει
937 3636 1117 3694 αὐτοῖς
1175 3635 1264 3688 τὸν
1340 3635 1480 3712 Υἰὸν,
1531 3633 1708 3714 ὥσπερ
1757 3641 1845 3695 καὶ

196 3731 276 3799 τῷ
332 3712 512 3801 Πέτρῳ
571 3719 906 3795 ἀπεκάλυψεν
950 3720 1127 3782 αὐτόν.
1167 3741 1197 3781 ι
1232 3712 1288 3780 Ὀ
1322 3721 1529 3778 ἁκούων
1587 3712 1847 3801 οὗν-παρὰ

195 3821 290 3872 τοὺ
334 3814 562 3889 Πατρὸς,
604 3833 625 3866 ι
687 3810 976 3873 τουτέστιν,
1039 3813 1066 3868 6
1117 3811 1218 3880 τὴν
1262 3822 1353 3870 τοῦ
1384 3814 1588 3889 Πατρὸς
1628 3811 1840 3868 ἀποκά-

195 3905 354 3979 λυψιν
411 3900 726 3980 δεχόμενος,
786 3900 874 3956 καὶ
941 3901 1185 3974 μαθητὴς
1215 3900 1413 3957 ἐκείνου
1438 3900 1643 3969 ἀληθὴς
1689 3901 1841 3979 γινό-

200 4015 385 4072 μενος,
422 4013 444 4048 ιι
480 3991 628 4053 οὗτος
659 3988 874 4068 ἔρχεται
919 3991 1054 4067 πρὸς
1087 3991 1175 4064 μέ.
1215 4014 1242 4044 ι
1295 3981 1440 4069 ’Ὅρα
1469 3989 1546 4066 δὲ,
1580 3997 1694 4055 πῶς
1726 3991 1842 4072 μετ’

197 4071 462 4161 ἀκριϐείας
515 4080 722 4136 ἅπαντα
765 4079 1073 4159 φθέγγεται.
1107 4080 1180 4136 Οὐ
1235 4080 1335 4158 γὰρ
1392 4079 1574 4159 εἶπεν,
1627 4079 1732 4159 ὅτι,
1786 4071 1844 4136 Ὀ

199 4172 404 4229 ἀκούων
446 4171 587 4248 παρὰ
615 4177 706 4226 τοῦ
737 4171 963 4246 Πατρὸς,
1013 4169 1220 4232 ἐκεῖνος
1281 4168 1496 4248 ἔρχεται
1555 4171 1682 4248 πρὸς
1756 4169 1842 4244 μὲ,

200 4259 338 4317 ἀλλὰ
419 4259 713 4337 προσέθηκε
757 4260 840 4337 16,
911 4280 934 4315 ιι
971 4261 1060 4316 καὶ
1103 4260 1306 4332 μαθὼν,
1360 4280 1384 4316 ι
1425 4261 1496 4318 Οὐ
1537 4260 1636 4338 γὰρ
1695 4257 1849 4336 ἀρκεῖ

201 4351 263 4406 16
318 4349 560 4420 ἀκοῦσαι,
618 4346 754 4403 ἀλλὰ
834 4347 917 4404 δεῖ
991 4361 1268 4425 προσεῖναι
1367 4350 1454 4404 καὶ
1517 4352 1730 4424 μαθεῖν.
1789 4349 1848 4406 Τί

201 4438 328 4518 οὗνς
390 4439 496 4516 Πρὸ
553 4437 734 4494 τούτου
795 4437 847 4493 ἐν
918 4443 985 4513 τῇ
1035 4436 1242 4508 Παλαιᾷ
1304 4439 1398 4494 οὐκ
1442 4438 1578 4505 ἦσαν
1619 4435 1848 4494 διδακτοὶ

204 4514 336 4584 Θεοῦ
368 4546 385 4607 ς
440 4514 637 4583 -Ἦσαν
695 4527 814 4602 μὲν,
863 4525 983 4582 ἀλλ’
1016 4530 1119 4606 οὐχ
1153 4526 1341 4590 οὕτως.
1377 4526 1634 4584 Ἐνταῦθα
1663 4528 1761 4605 γὰρ
1791 4528 1851 4582 16

203 4615 462 4694 ἐξαίρετόν
492 4614 658 4689 ἐστιν,
693 4615 746 4671 ἐν
776 4621 842 4690 τῇ
904 4616 1100 4691 Καινῇ,
1152 4613 1314 4696 λέγω,
1390 4617 1652 4691 Διαθήκῃ.
1722 4617 1849 4673 Τότε

203 4705 302 4779 μέν
358 4705 458 4782 γὰρ
525 4701 595 4758 δι’
644 4703 928 4782 ἀνθρώπων
975 4703 1166 4778 ἔμαθον
1207 4705 1274 4759 τὰ
1304 4705 1422 4782 περὶ
1455 4710 1607 4760 Θεοῦ·
1656 4714 1744 4763 νῦν
1797 4702 1850 4758 δὲ

201 4800 295 4850 τοῦ
340 4798 673 4870 Μονογενοῦς
723 4793 1101 4869 σαρκυήέπος,
1167 4791 1292 4866 παρ’
1352 4792 1511 4848 αὐτοῦ
1584 4801 1678 4849 τοῦ
1735 4799 1850 4848 Πα-

203 4883 324 4947 196;
380 4880 432 4937 ἐν
492 4881 625 4958 ἁγίῳ
713 4881 973 4954 [Ῑνεύματι
1055 4881 1090 4948 ἡ
1175 4881 1370 4958 γνῶσις
1424 4881 1644 4958 γίνεται·
1717 4880 1853 4937 ὥστε

198 4968 530 5048 πληροῦσθαι
600 4970 660 5024 16
719 4971 1069 5048 προφητικόνο
1152 4993 1179 5022 α
1238 4967 1325 5027 Ἐν
1380 4973 1458 5044 τῷ
1499 4982 1642 5048 φωτϊ
1695 4991 1786 5025 σου
1823 4993 1845 5026 ο

197 5061 321 5136 (τοῦ
385 5059 648 5137 Πατρός),
703 5058 962 5130 τουτέστι,
1050 5065 1126 5132 τῴ
1198 5059 1488 5137 Πνεῦματι,
1528 5081 1549 5112 ο
1615 5058 1850 5133 ὀψόμεθα

202 5150 340 5228 φῶς,
416 5171 440 5202 n
503 5149 530 5203 ὃ
583 5146 724 5203 ἐστιν
781 5149 808 5202 6
881 5147 1021 5210 Υἱὸς.
1059 5148 1280 5210 Εἰκότπς
1313 5147 1412 5220 ἄρα
1443 5148 1530 5202 νῦν
1579 5147 1736 5221 ἐσμεν
1766 5146 1849 5201 δι-

200 5234 381 5293 δακτοὶ
435 5242 566 5292 Θεοῦ
623 5236 842 5307 πάντες,
883 5238 928 5291 οἱ
959 5237 1056 5304 τὴν
1083 5237 1153 5299 εἰς
1201 5238 1424 5314 Χριστὸν
1468 5233 1847 5311 ὖποδεξάμενοι

201 5325 401 5383 πίστιν.
461 5323 610 5382 Ἐπεὶ
654 5323 708 5379 δὲ
739 5329 915 5398 εἶπεν,
948 5324 1027 5380 ὅτι
1079 5346 1106 5378 α
1168 5314 1225 5382 Ὀ
1278 5324 1479 5380 ἀκούων
1549 5326 1690 5404 παρὰ
1756 5336 1846 5383 τοῦ

202 5416 432 5491 Πατρὸς,
467 5413 670 5478 ἐκεῖνος
734 5413 949 5494 ἔρχεται
993 5415 1123 5493 πρὸς
1155 5416 1245 5489 μὲ,
1279 5433 1308 5472 )
1343 5412 1434 5469 ἵνα
1461 5415 1538 5489 μή
1579 5436 1658 5478 τις
1709 5416 1842 5471 ὑπο·-

203 5502 371 5580 λάὸῃ,
422 5503 504 5560 ὅτι
562 5504 680 5582 περὶ
749 5505 998 5571 αἰσθητοῦ
1054 5505 1252 5582 πατρὸς
1299 5502 1468 5583 λέγει,
1529 5507 1706 5584 φησίν·
1771 5508 1842 5564 Οὐ

285 5659 341 5705 ⁸⁸
369 5663 570 5727 Matth.
604 5680 720 5738 m,
753 5663 854 5726 21.
942 5659 998 5708 ⁸ο
1023 5655 1180 5726 Psal.
1215 5679 1396 5739 xxxv,
1429 5662 1530 5727 40.

1872 4414 1914 4463 D

1928 3208 2135 3251 omnes
2155 3189 2310 3252 docti
2343 3209 2377 3250 a
2409 3192 2552 3263 Deo,
2594 3215 2616 3244 ι)
2654 3208 2863 3251 omnes
2894 3197 3116 3265 autem,
3151 3190 3246 3269 qui
3280 3188 3572 3248 voluerint

1927 3277 2572 3342 videlicet.Communis
2604 3278 2762 3339 enim
2795 3279 3000 3340 doctor
3031 3282 3208 3340 Pater
3229 3295 3335 3357 per
3352 3277 3573 3338 revela-

1928 3367 2146 3428 tionem
2200 3376 2404 3429 notum
2451 3367 2587 3429 facit
2616 3367 2806 3446 dignis
2861 3367 3068 3430 Filium
3104 3385 3272 3427 suum
3305 3365 3578 3441 Tangeris

1926 3457 2087 3518 enim
2120 3457 2297 3517 corda
2331 3456 2783 3537 simpliciumet
2815 3457 2951 3518 dolo
2986 3455 3314 3517 carentium
3347 3455 3576 3516 revelat

1927 3545 2070 3625 ipsis
2100 3545 2568 3615 Filium,sicutet
2598 3545 2768 3606 Petro
2787 3546 3266 3624 revelavitipsum
3290 3545 3370 3604 48.
3397 3544 3578 3623 Igitur

1936 3657 1962 3693 «
1987 3634 2098 3707 Qui
2130 3634 2292 3694 audit
2323 3654 2353 3695 a
2389 3639 2575 3706 Patrc,
2614 3659 2633 3688 ι
2664 3636 2776 3695 hoc
2810 3646 2916 3695 est.
2966 3635 3062 3712 qui
3115 3633 3300 3694 Patris
3358 3634 3578 3695 revela-

1931 3726 2157 3786 tionem
2191 3723 2427 3804 accipit,
2461 3732 2519 3786 et
2546 3723 2873 3802 discipulus
2924 3724 3080 3786 illius
3109 3742 3248 3784 vert-
3293 3722 3574 3798 efficitur,

1940 3840 1964 3870 α
2003 3815 2100 3875 hic
2129 3813 2286 3874 venit
2314 3815 2384 3874 ad
2415 3831 2568 3874 me.»
2598 3813 2746 3875 Vide
2777 3821 2969 3874 autem
3007 3811 3301 3894 quomodo
3324 3831 3458 3872 cum
3493 3811 3580 3872 di-

1933 3903 2176 3981 ligentia
2202 3902 2464 3982 loquitur
2492 3901 2848 3966 omnia.Non
2883 3901 3040 3962 enim
3073 3901 3240 3972 dixit,
3276 3899 3382 3972 Qui
3415 3899 3581 3962 audit

1931 4013 1963 4054 a
1997 3996 2191 4068 Patre,
2221 3993 2320 4054 ille
2355 3992 2514 4054 venit
2544 3992 2614 4052 ad
2653 4010 2748 4053 me
2774 4013 2789 4053 :
2813 3992 2917 4053 sed
2943 3991 3189 4064 addidit,
3233 3998 3317 4050 Iet
3346 3987 3580 4050 didice-

1935 4082 2071 4143 rita
2104 4081 2228 4143 Non
2261 4081 2419 4144 enim
2455 4081 2672 4144 sufficit
2700 4081 2929 4146 audire.
2966 4079 3068 4142 sed
3101 4084 3342 4158 oportet
3367 4077 3581 4139 adesse

1933 4181 1990 4233 et
2013 4171 2264 4234 discere.
2293 4170 2445 4242 Quid
2479 4170 2685 4247 igitur?
2709 4169 2969 4250 nunquid
2995 4169 3054 4230 in
3082 4167 3277 4229 Veteri
3309 4185 3425 4226 non
3449 4164 3579 4226 fue-

1933 4273 2070 4322 runt
2096 4261 2254 4322 docti
2289 4279 2320 4322 a
2353 4259 2773 4322 Deo?Fuerunt
2803 4257 3179 4338 quidem.sed
3213 4275 3328 4317 non
3361 4253 3582 4316 sic.Hic

1933 4350 2089 4410 enim
2107 4348 2454 4410 excellentia
2469 4349 2648 4419 est,in
2664 4340 3580 4419 Novo.dico,Testamento.Nam

1939 4447 2077 4500 tunc
2107 4437 2346 4518 quidem
2379 4436 2656 4498 dicebant
2700 4455 2805 4516 per
2829 4436 3102 4496 homines
3130 4434 3204 4494 de
3239 4434 3383 4495 Deo.
3409 4433 3584 4493 Nunc

1936 4533 2129 4588 autem
2152 4524 2466 4604 Unigenito
2494 4522 2906 4595 incarnato,ab
2934 4523 3062 4602 ipso
3095 4521 3263 4582 Patre
3296 4521 3356 4582 in
3373 4523 3580 4583 sancto

1937 4613 2158 4695 Spiritu
2191 4614 2439 4676 scientia
2465 4614 2551 4686 fit,
2589 4623 2652 4674 ut
2684 4615 2762 4673 ita
2809 4612 3127 4691 impleatur
3171 4608 3580 4690 propheticum

1937 4704 2158 4765 dictum
2196 4725 2208 4761 :
2255 4727 2276 4756 σι
2317 4705 2377 4765 1η
2404 4702 2626 4762 lumine
2653 4709 2749 4762 tuo
2779 4731 2803 4761 υ
2836 4699 3052 4778 (Patris
3075 4698 3476 4776 scilicet),hoc
3494 4709 3586 4758 est

1939 4791 2184 4872 Spiritu,
2223 4817 2249 4847 α
2283 4790 2615 4852 videbimus
2669 4791 2868 4850 lumen
2887 4787 3002 4862 ωδ
3043 4787 3198 4867 quod
3257 4795 3346 4857 est
3378 4785 3578 4848 Filius.

1941 4883 2140 4943 Merito
2173 4901 2330 4942 nunc
2363 4898 2573 4940 omnes
2596 4879 2755 4940 docti
2793 4896 2997 4938 sumus
3027 4895 3060 4938 a
3089 4876 3230 4950 Deo,
3264 4875 3360 4955 qui
3403 4874 3581 4935 fidem

1938 4971 1998 5031 in
2025 4971 2324 5033 Christum
2357 4968 2756 5049 suscepimus.
2791 4965 2936 5038 Quia
2967 4973 3160 5026 autem
3207 4963 3374 5036 dixit,
3414 4987 3440 5017 α
3471 4963 3580 5035 Qui

1935 5060 2099 5120 audit
2126 5078 2159 5122 a
2191 5063 2381 5138 Patre,
2411 5058 2511 5118 ille
2534 5056 2696 5118 venit
2717 5055 2790 5116 ad
2823 5073 2940 5127 me,
2980 5078 3002 5110 ι
3034 5062 3096 5114 ιιι
3125 5073 3200 5114 ne
3222 5052 3351 5133 quis
3380 5051 3580 5129 suSpi-

1935 5156 2102 5210 cetur
2146 5148 2299 5229 quod
2355 5148 2428 5208 de
2487 5145 2708 5206 carnali
2762 5152 2924 5224 patre
2970 5143 3147 5212 dicat,
3183 5142 3411 5220 inquit:
3451 5138 3580 5200 Non

1934 5238 2047 5300 hoc
2080 5237 2236 5312 dico,
2260 5236 2417 5317 quod
2455 5235 2648 5296 videat
2676 5234 2809 5314 quis
2835 5237 3085 5302 Patrem,
3121 5231 3233 5291 nisi
3270 5229 3579 5308 Filiusqui

1931 5345 2065 5388 vere
2100 5345 2168 5387 ex
2200 5327 2300 5388 illo
2331 5335 2441 5397 est,
2467 5334 2528 5387 et
2553 5333 2721 5384 natus
2753 5341 2819 5383 ex
2847 5320 3180 5380 substantia
3207 5317 3386 5379 illius.
3425 5318 3573 5380 Nam

1927 5433 2135 5477 omnes
2201 5413 2440 5495 quidem
2517 5433 2584 5475 ex
2656 5415 2771 5472 Deo
2845 5428 3102 5481 sumus,
3152 5409 3253 5468 sed
3336 5405 3579 5486 proprie

1925 5503 2134 5585 Filius,
2169 5523 2323 5567 unus
2353 5511 2464 5576 est,
2499 5501 2600 5586 qui
2634 5510 2691 5563 et
2724 5503 2958 5564 Patrem
2985 5499 3164 5560 novit.

2927 5612 3120 5672 ιβ’-..ἕλ’
