4116 6318
434 303 583 370 1307

1395 307 1990 375 THEOPHYLACTI
2034 303 2442 372 BULGARIIE
2486 311 2839 373 ARCHIEP.

3789 305 3949 369 at

438 447 586 498 τοῦτο
615 441 780 520 λέγω,
814 443 893 501 ὅτι
925 444 1107 520 βλέπει
1139 468 1217 508 τις
1250 444 1602 524 τονίΠατῖ-Ξρα,
1650 445 1693 499 εί
1728 442 1806 517 μη
1840 445 1868 499 6
1915 445 2058 515 Υἱὸς,
2093 440 2309 509 ἀληθῶς
2342 443 2395 509 ἐξ
2450 445 2607 502 αὑτοῦ
2634 446 2732 525 ὢν,
2764 446 2855 502 καὶ
2884 449 3156 525 γεννηθεὶς
3187 446 3248 503 ἐκ
3274 448 3373 512 τῆς
3421 445 3699 506 οὖσίας
3740 444 3939 502 αὑτοῦ.
4028 474 4029 479 η

436 532 633 597 Πάντες
665 534 763 609 γὰρ
793 533 853 590 ἐκ
882 542 1014 595 Θεοῦ
1043 536 1226 613 ἐσμεν,
1259 533 1395 590 ἀλλὰ
1420 535 1609 612 κυρίως
1637 536 1664 590 6
1696 534 1816 597 Υἱὸς
1850 532 1933 594 εἷς
1967 530 2126 604 ἐστιι,
2160 532 2214 597 ὃς
2245 533 2331 588 καὶ
2363 532 2477 590 οἶδε
2508 536 2596 591 τὸν
2622 534 2854 613 Πατέρα,

510 619 691 682 Vens.
705 622 777 682 48
792 622 906 685 '52.
924 623 1081 703 «Ego
1103 642 1230 684 sum
1256 642 1420 702 pams
1442 622 1541 683 ille
1558 620 1918 684 vitzePatres
1934 638 2070 682 ves-
2095 631 2132 679 Α

433 709 505 770 tri
527 709 917 772 comederunt
942 729 1157 773 manna
1188 711 1246 773 in
1271 730 1496 787 eremo,
1540 718 1601 771 et
1653 707 1871 772 mortui
1914 715 2070 771 sunt.

432 797 535 859 Hic
567 808 654 860 est
679 800 847 879 panis
870 802 969 881 qui
992 800 1067 863 de
1093 801 1241 863 caelo
1269 800 1603 877 descendit,
1629 807 1693 860 ut
1722 798 1856 880 quis
1886 816 1955 859 ex
1978 796 2074 878 ip-

427 905 493 947 so
524 887 678 967 edat,
711 898 770 950 et
821 910 939 952 non
982 890 1288 953 moriatur.
1342 890 1466 968 Ego
1521 906 1650 949 sum
1685 886 1851 967 panis
1884 886 2072 961 vivus,

430 975 528 1054 qui
555 975 631 1039 de
660 978 812 1039 caelo
834 978 1143 1042 descendi.
1170 979 1230 1042 Si
1253 980 1383 1059 quis
1417 977 1612 1040 ederit
1660 994 1731 1037 ex
1763 976 1876 1037 hoc
1901 993 2072 1056 pane,

429 1065 586 1127 vivet
614 1067 672 1127 in
701 1075 1009 1130 aeternum.
1045 1067 1114 1130 Et
1144 1069 1313 1149 panis
1342 1087 1518 1149 quem
1570 1085 1677 1145 ego
1731 1065 1911 1139 dabo,
1939 1082 2075 1126 caro

430 1172 563 1216 mea
592 1164 702 1235 est,
741 1176 906 1238 quam
943 1176 1051 1237 ego
1080 1159 1233 1220 dabo
1265 1178 1371 1238 pro
1403 1157 1606 1219 mundi
1636 1155 1804 1217 vitaa
1830 1155 2078 1233 Compa-

428 1252 519 1304 rat
575 1263 707 1306 cum
760 1265 976 1309 manna
1022 1247 1362 1311 alimoniam
1404 1265 1580 1329 quam
1613 1246 1743 1325 ipse
1774 1244 1895 1305 dat.
1930 1242 2073 1305 Nam

433 1357 462 1387 α
495 1331 614 1413 Ego
647 1334 911 1414 quidem,
940 1337 1153 1418 inquit,
1179 1356 1307 1399 sum
1331 1336 1498 1417 panis
1515 1336 1700 1410 vitaep
1736 1350 1930 1394 verum
1972 1333 2074 1413 qui

433 1447 461 1476 ιι
495 1423 885 1486 comederunt
910 1445 1148 1507 manna,
1189 1426 1403 1489 mortui
1432 1432 1595 1488 sunt.
1628 1447 1651 1482 ι
1687 1422 1816 1484 Non
1847 1420 2072 1502 absque

428 1530 604 1575 causa
659 1523 854 1578 autem
899 1516 1085 1593 addit,
1126 1543 1153 1572 α
1198 1518 1258 1578 in
1291 1516 1631 1585 solitudine,
1664 1539 1688 1571 ιι
1727 1513 1831 1574 sed
1865 1513 2071 1574 volens

2241 644 2267 676 α
2329 621 2472 701 Ἐγώ
2544 626 2650 699 εἰμι
2681 627 2709 681 6
2753 625 2905 703 ἄρτος
2949 631 3049 692 τῆς
3081 631 3249 698 ζωῆς,
3284 627 3343 683 Οἱ
3374 622 3687 703 πατέρες
3768 622 3929 698 ὑμῶν

2159 711 2353 789 ἔφαγον
2408 713 2469 768 τὸ
2537 713 2706 787 μάννα
2737 714 2791 769 ἐν
2819 720 2886 791 τῇ
2926 714 3132 794 ἐρήμῳ,
3186 716 3274 771 καὶ
3307 712 3668 776 ἀπέθανον,
3742 710 3925 771 Οὗτός

2159 800 2300 858 ἐστιν
2331 804 2357 856 6
2401 799 2553 876 ἄρτος
2586 804 2613 858 6
2642 802 2701 859 ἐκ
2755 806 2850 860 τοῧ
2891 808 3111 880 οὐρανοῦ
3170 801 3559 877 καταϐαίνων,
3648 800 3773 858 ’ἵνα
3834 822 3915 862 τις

2161 888 2213 955 ἐξ
2285 890 2442 950 αὖτοῦ
2488 891 2656 972 φάγῃ,
2730 900 2819 949 καὶ
2850 893 2927 969 μὴ
2960 893 3221 971 ἀποθάνῃ.
3255 891 3401 967 Ἐγώ
3435 892 3585 965 εἰμι
3636 894 3677 948 ὁ
3742 889 3915 967 ἄρτος

2162 982 2190 1035 6
2245 986 2371 1055 ζῶν,
2434 982 2461 1036 6
2532 979 2593 1037 ἐκ
2645 988 2737 1038 τοῦ
2797 985 3013 1061 οὖρανοῦ
3060 980 3318 1045 καταϐάς,
3353 981 3484 1039 Ἐάν
3551 1003 3673 1045 τις

2157 1071 2219 1124 ἐκ
2276 1069 2462 1125 τούτου
2515 1079 2605 1130 τοῦ
2645 1069 2824 1149 ἄρτου,
2885 1073 3103 1143 ζήσεται
3148 1074 3222 1134 εἷς
3279 1073 3369 1127 τὸν
3454 1072 3721 1129 αἰῶνα.
3805 1069 3909 1125 Καὶ

2159 1160 2186 1214 6
2241 1157 2395 1228 ἄρτος
2426 1157 2502 1237 δὲ,
2536 1158 2592 1216 ὄν
2623 1160 2730 1239 ἐγὼ
2760 1158 2937 1241 δώσω,
2966 1163 3002 1230 ἡ
3049 1161 3172 1241 σάρξ
3223 1161 3324 1236 μου
3380 1160 3546 1217 ἐστιν
3625 1158 3721 1227 ἣν
3788 1155 3902 1234 ἐγώ

2158 1245 2311 1303 δώσω
2364 1247 2491 1327 ὑπὲρ
2559 1251 2659 1316 τῆς
2717 1257 2811 1307 τοῦ
2868 1252 3072 1326 κόσμου
3100 1256 3267 1323 ζωῆς.
3305 1272 3328 1308 υ
3368 1251 3510 1329 Πρὸς
3552 1250 3643 1305 τὸ
3704 1248 3899 1323 μάννα

2159 1341 2416 1419 συγκρίνει
2474 1342 2571 1409 τῆν
2626 1341 2750 1421 παρ’
2783 1346 2935 1403 αὖιοῠ
2982 1342 3260 1418 διδομένην
3288 1344 3519 1421 τροφήν.
3612 1361 3645 1395 α
3734 1338 3896 1414 Ἐγὼ

2156 1430 2253 1505 μὲν
2301 1430 2424 1507 γὰρ,
2477 1433 2657 1509 ⁹οησὶν,
2719 1433 2824 1506 είμί
2881 1436 2908 1489 6
2956 1431 3108 1503 ἄρτος
3157 1437 3254 1499 τῆς
3313 1437 3476 1501 ζωῆς·
3558 1452 3598 1483 ι
3674 1430 3756 1485 τὸ
3830 1425 3887 1482 δὲ

2160 1545 2183 1573 «
2222 1520 2392 1593 μάννα
2420 1521 2467 1576 οἰ
2497 1521 2751 1598 φαγόντες
2773 1522 3051 1584 ἀπέθανον,
3106 1545 3128 1579 n
3158 1526 3273 1600 Οὐχ
3306 1519 3485 1585 ἁπλῶς
3517 1518 3595 1576 δὲ
3638 1516 3885 1598 προσέ-

428 1612 760 1668 monstrare
789 1607 946 1688 quod
984 1626 1099 1669 non
1131 1608 1298 1671 valde
1333 1607 1435 1668 diu
1467 1606 1666 1667 datum
1724 1604 1834 1665 fuit
1884 1603 2064 1682 patri-

2151 1612 2280 1674 θτικε
2309 1610 2392 1686 τὸ,
2447 1628 2470 1665 α
2508 1609 2597 1667 Ἐν
2626 1616 2693 1687 τῇ
2736 1610 2940 1690 ἐρήμῳ,
2980 1635 3002 1667 ι
3039 1610 3173 1668 ἀλλὰ
3234 1608 3575 1687 βουλόμενος
3645 1604 3871 1679 δεῖξαι,

428 1690 536 1753 bus
582 1711 817 1773 manna,
870 1696 972 1758 sed
1020 1703 1247 1758 tantum
1316 1697 1377 1756 in
1450 1693 1796 1775 solitudine,
1845 1701 1903 1752 et
1952 1710 2064 1752 non

2154 1700 2233 1754 ὃτι
2292 1698 2406 1755 οῦδὲ
2478 1698 2605 1779 ἄχρι
2666 1699 2861 1758 πολλοῦ
2926 1700 3168 1772 διήρκεσε
3248 1708 3365 1765 τοῦς
3435 1699 3719 1777 πατράσι
3808 1698 3873 1751 τὸ

425 1782 738 1861 contigerit
766 1785 852 1846 eis
872 1784 931 1846 in
964 1793 1121 1847 terra
1147 1783 1577 1867 promissionis.
1603 1781 1821 1845 Verum
1842 1779 1938 1842 hic
1962 1798 2064 1868 pa-

2156 1788 2350 1868 μᾶννα,
2405 1787 2523 1844 ἀλλ’
2578 1788 2632 1845 ἐν
2703 1796 2771 1865 τῇ
2826 1789 3007 1866 ἐρῆμῳ
3063 1791 3251 1865 μόνον,
3288 1793 3347 1846 οὗ
3391 1786 3751 1855 συνεισῆλθε
3809 1783 3864 1840 δὲ

425 1870 518 1931 nis
549 1891 667 1933 non
708 1881 798 1935 est
828 1874 986 1955 talis,
1015 1876 1123 1937 sed
1172 1881 1459 1956 perpetuo
1490 1872 1734 1945 durans,
1769 1877 1827 1931 et
1851 1871 1930 1930 ita
1957 1867 2064 1931 Ju-

2154 1867 2343 1942 αὒτοϊς
2399 1880 2471 1942 εἷς
2544 1880 2639 1947 τῆν
2680 1878 3000 1958 ἐπαγγελίας
3056 1886 3181 1957 γῆν.
3242 1878 3404 1940 Οὗτος
3434 1877 3487 1932 δὲ
3521 1876 3722 1955 ἄρτος
3803 1873 3866 1931 0'3

425 1958 533 2023 diei
569 1963 751 2025 multo
783 1962 956 2044 plura
1001 1964 1155 2026 bona
1182 1963 1483 2045 accepturi
1522 1969 1714 2035 erant,
1751 1961 1799 2021 si
1830 1958 2064 2040 quidem

2156 1976 2413 2041 τοιοῦτος,
2473 1967 2610 2023 ἀλλὰ
2670 1967 3002 2047 διαιωνίζων,
3034 1969 3171 2025 ὥστε
3202 1967 3388 2041 πολλῷ
3444 1966 3694 2040 μείζονα
3742 1965 3857 2021 τῶν

424 2050 765 2126 voluissent,
801 2072 977 2132 quam
1006 2066 1208 2134 patres
1229 2056 1343 2115 sui.
1371 2051 1678 2126 Quomodo
1711 2056 1908 2139 autem
1951 2066 2064 2109 non

2154 2057 2396 2136 πατέρων
2465 2059 2634 2114 «ora».
2686 2058 2854 2137 ἀγαθὰ
2904 2057 3160 2139 δέξονται,
3235 2058 3350 2136 εἴγε
3426 2054 3853 2133 βουλήσονται.

426 2139 676 2219 majora,
710 2160 840 2222 quae
863 2142 1077 2204 dantur
1105 2162 1138 2204 a
1169 2144 1437 2207 Christo?
1460 2144 1609 2206 Nam
1643 2138 1752 2200 etsi
1775 2136 1906 2217 quis
1928 2155 2064 2213 gus-

2154 2153 2274 2210 Πῶς
2340 2145 2394 2202 δὲ
2447 2150 2505 2204 οὒ
2574 2136 2786 2222 μείζονα
2863 2149 2928 2203 τὰ
2984 2136 3155 2225 παρα
3208 2153 3430 2224 Χριστοῦ
3504 2142 3845 2221 διδόμενας

423 2229 637 2289 taverit
671 2238 944 2311 mortem,
975 2231 1114 2293 vivit
1161 2238 1355 2293 tamen
1390 2237 1632 2312 prepter
1668 2245 1835 2307 spem
1868 2244 2064 2287 rcsur-

2156 2234 2262 2292 Κέἱν
2323 2237 2421 2313 γὰρ
2474 2236 2731 2313 γεύσηταί
2811 2258 2891 2299 τις
2932 2236 3178 2308 θανάτου,
3255 2234 3401 2309 ὅμως
3472 2239 3539 2309 ζῆ
3581 2232 3688 2289 διὰ
3741 2232 3846 2297 τὴν

424 2318 727 2382 rectionis.
754 2319 1061 2382 Manifeste
1090 2328 1285 2382 autem
1307 2319 1476 2381 nobis
1500 2320 1615 2380 hoc
1652 2317 1778 2379 loco
1803 2314 1876 2377 de
1904 2332 2062 2395 mys-

2151 2321 2334 2380 ἐλπίδα
2401 2326 2498 2390 τῆς
2558 2325 2918 2388 ἀναστάσεως,
2976 2331 3223 2403 Φανερῶς
3281 2321 3335 2379 δὲ
3401 2322 3634 2379 ἐνταῦθα
3712 2321 3839 2399 περὶ

422 2407 537 2467 tica
569 2409 990 2471 communione
1012 2411 1281 2491 corporis
1303 2409 1395 2471 sui
1416 2407 1581 2469 dicit.
1615 2406 1760 2467 Nam
1800 2428 1821 2460 α
1861 2406 2061 2478 Panis,

2146 2417 2242 2478 τῆς
2273 2418 2531 2487 μυστικῆς
2576 2411 2931 2489 μεταλήψεως
2961 2413 3051 2469 τοῦ
3108 2413 3356 2489 σῶματός
3401 2414 3562 2470 αὒτοῦ
3616 2432 3829 2491 φησιν.

421 2494 674 2575 inquint,
701 2516 877 2577 quem
913 2518 1018 2578 ego
1048 2499 1226 2565 dabo.
1263 2517 1400 2560 caro
1435 2514 1564 2558 mea
1595 2503 1703 2570 est,
1746 2512 1919 2575 quam
1955 2512 2064 2573 ego

2152 2524 2175 2554 ιι
2248 2492 2306 2559 Ὀ
2337 2500 2491 2574 ἂρτος
2545 2503 2669 2581 γὰρ,
2717 2504 2896 2582 φησὶν,
2958 2501 3015 2559 ὅν
3046 2500 3153 2579 ἐγὼ
3221 2499 3395 2581 δώσω,
3433 2502 3466 2568 ἡ
3522 2498 3661 2578 σάρξ
3709 2498 3825 2573 μού

421 2584 573 2647 dabo
600 2604 703 2667 pro
730 2588 935 2649 mundi
966 2588 1101 2649 vita.
1138 2609 1168 2648 ι
1197 2588 1377 2650 Porro
1405 2592 1751 2668 potestatem
1774 2602 1939 2645 suam
1966 2584 2060 2644 in-

2146 2590 2306 2650 ἐστιν.
2356 2589 2419 2656 ἤν
2451 2591 2558 2668 ἐγὼ
2588 2589 2743 2648 δώσω
2795 2592 2925 2670 ὑπὲρ
2981 2596 3078 2658 τῆς
3161 2592 3254 2647 τοῦ
3299 2589 3502 2663 κόσμου
3546 2594 3732 2659 ζωῆς.
3789 2610 3812 2640 I

422 2675 815 2757 dicans,quod
849 2696 971 2740 non
988 2685 1054 2742 ut
1084 2697 1288 2740 servus
1319 2686 1376 2740 et
1409 2676 1604 2738 minor
1636 2677 1806 2735 Patre
1838 2673 2064 2735 cruciﬁ-

2148 2680 2226 2745 Τὴ
2276 2678 2507 2745 ἐξουσίαν
2565 2679 2618 2736 δὲ
2674 2682 2832 2737 αὒτοϋ
2862 2679 3135 2754 δεικνύων,
3219 2677 3300 2736 ὅτι
3359 2678 3462 2758 οὔχ
3506 2680 3580 2740 ὡς
3616 2675 3819 2735 δοῦλος

420 2765 649 2841 gendus
678 2765 777 2840 sit,
800 2766 905 2829 sed
924 2764 1627 2848 voluntarie,inquit,Ego
1649 2762 1800 2825 dabo
1822 2780 2063 2825 carnem

2147 2770 2233 2825 καὶ
2293 2768 2524 2825 ἐλάττων
2594 2773 2687 2826 τοῦ
2764 2772 2965 2848 Πατρὸς
3053 2769 3211 2827 αὐτοῦ
3292 2766 3620 2846 ἐσταυρώθη,
3691 2763 3814 2821 ἀλλ’

424 2872 615 2916 meam
670 2873 776 2935 pro
805 2854 945 2917 594
990 2856 1195 2917 mundi
1250 2856 1389 2918 vita.
1449 2852 1594 2916 Nam
1640 2851 1907 2932 quamvis
1946 2860 2003 2914 et
2031 2871 2064 2914 a

2149 2859 2306 2939 ἑκὼν,
2374 2861 2559 2938 φησὶν,
2619 2858 2700 2916 ὅτι
2759 2862 2904 2938 Ἐγὼ
2958 2856 3111 2915 δώσω
3172 2860 3268 2927 τὴν
3339 2858 3509 2933 σάρκα
3539 2879 3651 2931 μου
3680 2855 3817 2931 ὑπὲρ

422 2944 595 3006 Patre
625 2943 854 3007 dicatur
886 2964 1017 3008 esse
1063 2945 1335 3023 traditus,
1389 2951 1648 3005 attamen
1697 2949 1754 3002 et
1799 2940 2062 3020 seipsum

2149 2947 2245 3015 τῆς
2301 2957 2395 3006 τοῦ
2464 2948 2667 3023 κόσμου
2723 2954 2889 3019 ζωῆς,
2956 2950 3013 3006 Εἰ
3043 2950 3141 3027 γὰρ
3171 2948 3258 3004 καὶ
3308 2945 3543 3004 δεδόσθαι
3586 2943 3810 3023 λέγεται

422 3028 732 3095 tradidisse
763 3034 997 3098 dicitur:
1022 3044 1079 3097 et
1108 3034 1251 3096 illud
1276 3032 1512 3115 quidem
1556 3041 1645 3094 est
1672 3037 1736 3092 ut
1764 3029 2064 3092 discamus

2147 3038 2249 3093 ὑπὸ
2330 3045 2419 3094 τοῦ
2490 3039 2718 3118 Πατρὸς,
2750 3037 3000 3095 ἀλλὰκαὶ
3034 3039 3219 3095 ἑαυτὸν
3270 3034 3572 3092 δεδωκέναι⁶
3624 3033 3813 3090 ἐκεῖνο

421 3120 550 3199 ejus
578 3140 711 3183 cum
731 3126 904 3186 Patre
926 3124 1305 3186 concordiam
1336 3140 1349 3185 :
1371 3122 1485 3184 hoc
1506 3126 1794 3190 autem,ut
1818 3118 2064 3179 liberam

2149 3126 2268 3200 μὲν,
2327 3125 2419 3182 ἵνα
2475 3128 2571 3194 τὴν
2619 3128 2750 3205 πρὸς
2822 3128 2911 3183 τὸν
2969 3127 3175 3206 Πατέρα
3216 3127 3464 3202 ὁμόνοιαν
3518 3124 3799 3200 μάθωμεν

418 3212 772 3272 voluntatem
831 3213 961 3275 Filii
1012 3232 1128 3275 non
1177 3214 1542 3289 ignoremus.
1580 3207 1835 3271 Attende
1864 3213 2060 3269 autem

2146 3221 2297 3270 τοῦτο
2353 3212 2430 3288 δὲ,
2486 3215 2576 3271 ἵνα
2630 3217 2725 3284 τὴν
2785 3215 3218 3284 αὒτεξουσιότητα
3244 3222 3336 3272 τοῦ
3369 3216 3510 3273 Υίοῦ.
3548 3212 3799 3292 Πρόσχες

421 3298 577 3380 quod
612 3300 780 3379 panis
809 3302 906 3383 qui
940 3321 975 3364 a
1010 3301 1180 3363 nobis
1209 3301 1271 3364 in
1305 3297 1605 3377 mysteriis
1647 3295 2058 3385 manducatur,

2146 3302 2222 3374 δὲ,
2257 3302 2337 3358 ὅτι
2369 3306 2395 3360 ὁ
2427 3303 2581 3382 ἂρτος
2641 3308 2667 3362 ὁ
2736 3306 2788 3362 ἐν
2822 3320 2937 3371 τοῖς
2970 3307 3275 3385 μυστηρίοίς
3304 3302 3390 3384 ὕφ’
3413 3305 3568 3379 ἡμῶν
3612 3301 3792 3357 ἐσθιό-

419 3398 652 3452 nonest
685 3399 906 3452 tantum
942 3391 1213 3471 ﬁguratio
1261 3388 1533 3471 quaedam
1585 3386 1780 3448 carnis
1802 3384 2057 3459 Domini,

2146 3415 2325 3467 μενος,
2403 3393 2497 3450 οὒκ
2554 3394 2831 3451 ἀντίτυπόν
2889 3394 2999 3451 ἐστι
3054 3400 3152 3461 τῆς
3202 3401 3293 3450 τοῦ
3340 3393 3526 3469 Κυρίου
3570 3391 3788 3468 σαρκὸς,

418 3478 523 3540 sed
554 3478 680 3558 ipsa
705 3499 842 3542 caro
875 3468 1126 3543 Domini.
1157 3468 1295 3545 Non
1319 3482 1476 3539 enim
1500 3477 1666 3548 dixit,
1689 3474 1863 3537 Panis
1884 3493 2060 3555 quem

2146 3482 2261 3538 ἀλλ’
2320 3482 2454 3550 αὕτη
2493 3485 2527 3552 ἡ
2582 3493 2675 3542 τοῦ
2731 3486 2914 3563 Κυρίου
2953 3484 3103 3559 σάρξ.
3138 3486 3210 3542 Οὔ
3243 3484 3339 3563 γὰρ
3370 3468 3548 3555 εἶπεν,
3584 3479 3689 3554 ὅτι,
3734 3468 3823 3536 Ὀ⁹

420 3586 527 3647 ego
558 3567 733 3643 dabo,
766 3570 948 3649 figura
977 3578 1065 3630 est
1087 3568 1284 3630 carnis
1316 3586 1330 3631 :
1367 3566 1495 3637 sed,
1538 3583 1709 3626 «caro
1735 3582 1865 3624 mea
1886 3571 1995 3625 est.
2028 3589 2053 3620 ι

2146 3570 2297 3651 ἄρτος
2348 3574 2405 3627 ὃν
2462 3574 2571 3651 ἐγὼ
2653 3570 2829 3647 δώσω,
2918 3573 3195 3630 ἂντίτυπόν
3264 3572 3370 3628 ἐστι
3426 3575 3524 3637 τῆς
3595 3569 3792 3648 σαρκός

418 3656 895 3719 Transformatur
924 3661 1079 3720 enim
1114 3656 1345 3720 arcanis
1373 3654 1566 3716 verbis
1597 3652 1766 3734 panis
1824 3653 1921 3713 ille
1952 3671 2059 3742 per

2146 3683 2263 3736 μου,
2331 3660 2475 3734 ἀλλ’,
2516 3685 2543 3715 α
2576 3663 2610 3730 ἡ
2671 3663 2794 3742 σάρξ
2853 3671 2952 3737 μοῦ
3006 3666 3141 3721 ἐστι.
3197 3684 3221 3719 ι
3273 3668 3654 3717 Μεταποιεϊται
3689 3658 3791 3735 γὰρ

420 3747 721 3827 mysticam
764 3746 1238 3809 benedictionem
1293 3755 1351 3806 et
1403 3742 1808 3807 accessionem
1867 3741 2055 3803 sancti

416 3835 761 3917 Spiritus,in
795 3854 1035 3899 carnem
1069 3834 1408 3899 Domini.Et
1438 3851 1513 3894 ne
1534 3850 1712 3914 quem
1747 3831 2058 3895 conturbet

417 3925 571 4007 quod
597 3925 930 3988 credendus
962 3926 1037 3988 sit
1068 3924 1242 4007 panis
1272 3942 1435 3987 caro.
1455 3922 1683 3985 Etenim
1714 3920 1852 3983 etin
1876 3939 2057 3983 carne

412 4013 753 4077 ambulante
775 4014 1054 4092 Domino,
1087 4024 1145 4076 et
1174 4034 1245 4076 ex
1278 4033 1431 4096 pane
1476 4011 1813 4074 alimoniam
1840 4010 2050 4072 admit-

416 4104 776 4183 tente,panis
804 4104 907 4167 ille
937 4104 1037 4186 qui
1069 4101 1567 4177 manducabatur,
1591 4101 1652 4162 in
1682 4119 1900 4181 corpus
1931 4098 2060 4178 ejus

423 4193 846 4271 mutabatur,et
876 4194 1088 4257 similis
1118 4193 1295 4256 ﬂebat
1328 4201 1542 4253 sancta:
1574 4191 1702 4271 ejus
1730 4189 2059 4260 carni,etin

419 4292 797 4361 augmentum
859 4292 917 4346 et
960 4285 1447 4346 sustentationem
1503 4279 1851 4344 conferebat
1893 4280 2061 4359 juxta

421 4372 744 4434 humanum
778 4392 1027 4435 morem.
1063 4373 1251 4453 Igitur
1285 4381 1342 4435 et
1366 4389 1521 4433 nunc
1547 4372 1712 4450 panis
1739 4369 1796 4428 in
1816 4387 2057 4430 carnem

417 4459 656 4522 Domini
685 4470 958 4523 mutatur.
995 4461 1064 4523 Et
1093 4467 1413 4541 quomodo,
1447 4460 1784 4540 inquit,non
1814 4463 2063 4539 apparet

421 4549 590 4610 nobis
646 4569 807 4625 caro,
846 4551 947 4613 sed
984 4548 1177 4631 panis?
1206 4552 1281 4613 Ut
1336 4569 1455 4610 non
1507 4548 1936 4610 abhorreamus
1986 4547 2059 4608 ab

2141 3749 2457 3828 ἀπορρήτοις
2508 3749 2687 3828 λόγοις
2748 3755 2775 3807 ὁ
2832 3751 2986 3831 ἄρτος
3041 3754 3191 3815 οὗτος
3250 3749 3333 3807 διὰ
3381 3750 3480 3817 τῆς
3531 3750 3785 3823 μυστικῆς

2142 3838 2406 3918 εὖλογίας,
2463 3842 2547 3896 καὶ
2604 3839 2993 3920 ἐπιφοιτήσεως
3051 3848 3143 3898 τοῦ
3228 3840 3374 3919 ἁγίου
3460 3837 3780 3912 Πνεόματος,

2140 3931 2213 3993 εἷς
2266 3930 2435 4008 σάρκα
2516 3938 2614 3986 τσῦ
2686 3936 2900 4010 Κυρίου,
2958 3932 3053 3989 Καὶ
3106 3932 3183 4006 μή
3214 3952 3332 3986 τινα
3360 3928 3578 4007 θροείτω
3608 3927 3668 3982 τὸ
3694 3926 3779 3980 τὸν

2142 4019 2295 4096 ἐίρτοτ
2366 4019 2534 4097 σάρκα
2606 4022 2961 4079 πιστεύεσθαι.
3021 4022 3119 4079 Καὶ
3166 4021 3265 4099 γὰρ
3310 4039 3389 4076 τοι
3422 4017 3510 4074 καὶ
3555 4014 3610 4071 ἐν
3639 4014 3777 4092 σαρκὶ

2142 4118 2552 4187 περιπατοῦντος
2611 4111 2705 4165 τοῦ
2758 4112 2963 4189 Κυρίου,
3024 4112 3113 4167 καὶ
3154 4110 3253 4176 τήν
3284 4108 3334 4174 ἐξ
3391 4105 3549 4186 ἄρτου
3590 4103 3774 4183 τροφὴν

2144 4198 2506 4271 προσιεμένου,
2596 4201 2622 4255 ὁ
2665 4196 2821 4278 ἄρτος
2865 4199 3067 4264 ἐκεῖνος
3099 4201 3126 4256 ὂ
3169 4198 3493 4274 ἐσθιόμενος,
3526 4197 3600 4259 εἷς
3631 4198 3769 4267 σῶμα

2144 4286 2300 4345 αὒτοῦ
2355 4285 2730 4368 μετεϐάλλετο,
2790 4292 2876 4347 καὶ
2923 4289 3334 4364 συνεξωμοιοῦτο
3403 4292 3471 4363 τῇ
3515 4285 3635 4363 ἁγίᾳ
3684 4283 3767 4336 αὖ·

2144 4387 2234 4435 τοῦ
2282 4379 2455 4453 σαρκὶ,
2517 4380 2603 4434 καὶ
2660 4380 2732 4442 εἷς
2785 4379 3003 4447 αὔξησιν
3076 4381 3162 4436 καὶ
3222 4378 3467 4434 σύστασιν
3536 4368 3770 4431 συνεϐάλ-

2145 4463 2265 4521 λετο
2322 4468 2459 4522 κατὰ
2516 4469 2576 4523 τὸ
2635 4468 2979 4547 ἀνθρώπινον.
3043 4470 3141 4528 Καὶ
3186 4467 3272 4523 νῦν
3338 4465 3486 4522 οὗνὸ
3519 4463 3666 4540 ἄρτος
3707 4460 3767 4519 εἷς

2147 4556 2311 4628 sitm:
2369 4563 2460 4612 τοῦ
2520 4558 2704 4636 Κυρίου
2758 4557 3195 4634 μεταϐάλλεται,
3237 4558 3332 4615 Καὶ
3407 4561 3547 4626 πῶς,
3605 4550 3765 4632 φησὶν,

417 4640 545 4719 ejus
576 4658 701 4701 esu.
734 4639 876 4702 Nam
909 4640 957 4700 si
991 4638 1230 4720 quidem
1258 4656 1393 4699 caro
1430 4636 1821 4718 apparuisset,
1855 4637 2058 4697 insua-

2146 4646 2264 4723 οὖχὶ
2324 4646 2410 4700 καὶ
2470 4645 2593 4724 σὰρξ
2624 4648 2859 4727 φαίνεται
2890 4649 3054 4721 ἡμῖν,
3103 4646 3220 4704 ἀλλ’
3252 4645 3405 4725 ἄρτος
3441 4660 3458 4718 ;
3496 4642 3593 4701 Διᾶ
3623 4642 3679 4698 τὸ
3703 4639 3763 4714 μὴ

418 4729 565 4789 viter
579 4729 775 4791 aﬂ‘ecti
793 4747 1056 4791 essemus
1087 4746 1224 4807 erga
1251 4727 1732 4789 communionem
1766 4727 1933 4788 Nunc
1956 4744 2058 4786 au-

417 4826 536 4881 tem
587 4818 1105 4883 condescendente
1158 4818 1410 4880 Domino
1457 4824 1672 4877 nostrae
1701 4813 2053 4890 inﬁrmitati,

419 4908 550 4970 talis
577 4920 820 4989 apparet
854 4909 1032 4971 nobis
1064 4907 1351 4985 mysticus
1380 4905 1571 4985 cibus,
1604 4904 1876 4984 qualibus
1905 4903 2059 4964 alio-

418 4998 558 5079 quin
585 4997 837 5059 asssueti
869 4996 1218 5060 sumus.Pro
1236 4994 1443 5057 mundi
1466 5008 1663 5056 autem
1688 4994 1797 5054 vita
1819 5011 2055 5054 carnem

412 5106 576 5148 suam
592 5088 660 5148 ad
684 5094 930 5149 mortem
948 5086 1404 5155 dedit;moriens
1419 5086 1576 5144 enim
1599 5096 1848 5143 mortem
1863 5081 2054 5144 solvit.

418 5176 680 5253 Intelligo
700 5185 893 5237 autem
916 5195 1020 5256 per
1037 5176 1210 5237 vitam
1238 5173 1443 5235 mundi
1463 5173 1639 5235 etiam
1664 5170 2050 5233 resurrectio-

416 5269 743 5329 nem.Mors
766 5265 925 5326 enim
946 5265 1175 5327 Domini
1193 5264 1533 5345 generalem
1557 5262 2053 5323 resurrectionem

416 5354 515 5418 toti
550 5353 856 5415 hominum
880 5352 1085 5432 generi
1114 5363 1359 5431 operata
1395 5361 1506 5414 est.
1542 5352 1832 5414 Fortassis
1853 5357 2054 5414 autem

416 5453 474 5504 et
505 5444 562 5504 in
592 5443 1060 5507 sanctiﬁcatione
1082 5450 1138 5504 et
1166 5443 1224 5503 in
1249 5441 1613 5503 beatitudine
1644 5440 2055 5515 vitam,mundi

418 5532 590 5593 vitam
623 5530 1122 5594 nominavit.Nam
1153 5531 1418 5613 quamvis
1448 5549 1566 5592 non
1582 5548 1790 5591 omnes
1813 5548 2060 5610 accepe-

417 5620 539 5682 rint
566 5619 1093 5684 sanctificationem
1118 5627 1177 5683 et
1206 5619 1381 5682 vitam
1414 5619 1475 5682 in
1503 5618 1738 5703 spiritu,
1774 5619 2062 5683 Dominus

2142 4735 2282 4807 ἡμᾶς
2342 4725 2646 4806 ἆηδίζεσθαι-
2699 4740 2830 4817 πρὸς
2882 4739 2979 4806 τὴν
3007 4740 3224 4818 βρῶσιν,
3266 4738 3321 4794 Εἰ
3353 4735 3451 4811 μὲν
3508 4732 3610 4811 γὰρ
3660 4725 3763 4807 σὰρξ

2140 4821 2400 4903 ἐφαίνετο»
2478 4825 2656 4892 ἀηδῶς
2715 4826 2776 4882 ἄν
2834 4825 3126 4901 διεκείμεθα
3168 4828 3296 4906 πρὸς
3325 4825 3424 4891 την
3455 4818 3762 4896 μετάληψιν·

2139 4919 2226 4968 νῦν
2284 4910 2361 4992 δὲ,
2540 4915 2767 4995 ἡμετέρᾳ
2824 4916 3059 4989 ἀσθενείᾳ
3116 4910 3624 4994 συγκαταϐαίνοντος
3686 4912 3763 4962 τοῦ

2139 5000 2349 5078 Κυρίου,
2404 5004 2623 5073 τοιαύτη
2703 5006 2938 5084 φαίνεται
2995 5008 3131 5081 ἡμῖν
3186 5007 3221 5073 ἡ
3274 5000 3504 5078 μυστικῆ
3561 4999 3758 5084 βρῶσις,

2139 5089 2231 5145 οθία
2280 5089 2419 5147 ἐστὶν
2448 5094 2482 5160 ἡ
2516 5083 2742 5166 συνήθης⁵
2796 5100 2953 5172 ἡμῖν.
3004 5089 3161 5173 ’Υπὲρ
3193 5093 3287 5161 τῆς
3336 5097 3429 5147 τοῦ
3470 5090 3669 5162 κόσμου
3716 5083 3761 5138 δὲ

2139 5178 2279 5248 ζωῆς
2354 5181 2451 5247 τὴν
2508 5186 2673 5263 σάρκα
2707 5192 2862 5247 αυτοῦ
2892 5188 3021 5261 πρὸς
3053 5185 3275 5242 θάνατον
3343 5178 3590 5235 δέδωκεν*
3643 5174 3760 5229 ἀπο-

2139 5268 2307 5323 θανὼν
2366 5270 2487 5348 γὰρ,
2552 5276 2641 5330 τὸν
2700 5274 2922 5333 θάνατον
2979 5274 3189 5335 λέλυκε.
3270 5271 3390 5330 Νόει
3461 5266 3515 5323 δέ
3567 5286 3652 5340 μοι
3687 5268 3764 5318 τοῦ

2140 5368 2344 5431 κτίσμα)
2394 5362 2558 5441 ζωὴν,
2632 5365 2778 5445 τάχα
2834 5366 2930 5435 μὲν
3002 5365 3089 5421 καὶ
3127 5364 3227 5429 τὴν
3275 5358 3558 5415 ἁνάστασιν
3594 5352 3643 5434 (6
3680 5353 3762 5430 γὰρ

2140 5446 2358 5509 θάνπιτος
2395 5453 2485 5506 τοῦ
2535 5455 2717 5531 Κυρίου
2767 5454 2866 5522 τὴν
2938 5452 3226 5521 καθολικήν
3284 5448 3569 5505 ἀνάστασιν
3631 5440 3761 5497 παντῖ

2142 5540 2219 5623 in"
2294 5536 2432 5614 γένει
2517 5530 2622 5599 νῦν
2712 5543 2999 5623 ἀνθρώπων
3059 5532 3595 5623 ἐπραγματεύσατογ
3638 5530 3759 5623 τάχα

2144 5621 2200 5678 δὶ
2261 5630 2343 5686 καὶ
2396 5629 2495 5697 τὴν
2548 5630 2603 5687 ἐν
2663 5619 2911 5712 ἁγιασμῷ
2966 5633 3052 5689 καὶ
3110 5619 3463 5710 μακαριότητι
3506 5622 3665 5695 ζωῆνν
3685 5619 3756 5676 τοὺ
