4116 6318
304 405 458 471 i309
999 409 1445 472 ENARRATIO
1487 409 1570 471 IN
1614 400 2123 470 EVANGELIUM
2184 399 2526 468 JOANNIS.
2573 438 2650 448 —
2692 406 2857 468 CAP.
2904 407 3010 468 Vl.
3533 395 3688 462 1310

301 543 508 616 κόσμου
582 541 724 613 ζωὴν
796 541 1066 614 ὀνομάζει.
1141 542 1249 600 Κόἱν
1277 541 1377 620 γὰρ
1435 540 1512 616 μὴ
1541 541 1736 604 πάντες
1784 558 1928 615 παρε·

2041 541 2239 598 tamen
2270 536 2532 616 seipsum
2584 555 2690 618 pro
2723 535 2945 598 mundo
2974 534 3162 616 dedit,
3197 541 3260 596 et
3287 539 3576 614 quantum
3627 531 3688 594 in

301 629 514 696 δέξαντο
581 630 675 687 τὸν
745 631 1006 709 άγιασμὸν
1061 631 1149 688 καὶ
1217 630 1318 698 τὴν
1377 629 1432 686 ὶν
1467 629 1731 704 Πνεύματι
1783 625 1928 697 ζωὴν

2035 623 2164 702 ipso
2198 637 2350 705 erat,
2388 625 2646 687 mundus
2695 634 2982 705 servatus,
3036 633 3361 705 naturaque
3409 622 3686 684 universa

301 717 421 776 ἀλλ’
453 719 540 776 οὖν
585 718 678 798 ὅγε
709 720 893 799 Κύριος
921 721 1050 800 ὑπὲρ
1088 727 1183 777 τοῦ
1229 725 1433 795 κοσμου
1493 719 1681 777 ἑαυτὸν
1735 713 1926 771 δέδωκε

2035 713 2397 776 sanctiﬁcata
2429 722 2538 788 est,
2569 733 2638 775 eo
2668 714 2823 795 quod
2853 715 3084 794 accepit
3111 713 3383 774 virtutem
3406 710 3679 774 vincendi

303 810 390 865 καὶ
446 807 570 864 ὅσον
612 810 672 866 τὸ
715 808 800 866 ἕπε’
845 809 1051 883 εκείνῳ,
1084 811 1112 866 6
1142 811 1343 885 κόσμος
1374 807 1573 887 ἰσώθη,
1606 807 1692 863 καὶ
1721 807 1754 874 ἡ
1801 803 1928 884 φύσι

2038 812 2340 880 peccatum
2379 821 2484 882 per
2515 822 2696 864 unum
2743 804 3042 865 homiuem
3076 803 3389 866 Dominum
3413 807 3678 863 nostrum

301 898 482 954 ἅπασα
553 899 808 977 ἡγιάσθη,
884 900 1014 955 καθὸ
1089 897 1304 974 δύναμιν
1375 895 1532 954 ἔλαϐε
1611 901 1755 968 νικᾷν
1851 891 1928 958 τὴ

2032 892 2232 952 Jesum
2293 891 2617 972 Christum,
2677 891 2832 954 sicut
2888 901 2946 953 et
3002 911 3112 973 per
3155 908 3336 954 unum
3373 889 3675 952 hominem

300 988 583 1069 ἁμαρτίαν,
613 989 702 1044 καὶ
771 990 806 1056 ἡ
863 988 1092 1068 ἁμαρτία
1165 986 1364 1067 ἀπέδρα
1427 986 1512 1044 διὰ
1557 988 1649 1042 τοῦ
1706 985 1822 1048 ἑνὸς
1855 981 1928 1038 ἂν·

2035 979 2219 1069 Adam
2251 980 2311 1042 in
2345 991 2650 1062 peccatum
2672 981 2989 1045 ceciderat.

299 1078 508 1156 θρώπου
561 1067 654 1135 τοῦ
698 1079 886 1158 Κυρίου
928 1067 1083 1153 ἡμῶν
1151 1077 1332 1145 Ἰησοῦ
1389 1084 1636 1157 Χριστοῦ,
1711 1074 1892 1149 ὥσπερ
1948 1071 2036 1126 καὶ
2083 1068 2148 1126 δι’
2209 1071 2324 1134 ἐνὸς
2398 1072 2672 1150 ἄνθρωπον
2729 1076 2821 1130 τοῦ
2880 1071 3048 1148 Ἀδὰμ
3106 1075 3177 1136 εἰς
3237 1071 3492 1148 ἁμαρτίαν
3547 1067 3682 1126 ὠλί-

301 1170 518 1234 σθησιν,

387 1279 412 1312 ιι
451 1255 758 1337 Ἐμάχοντο
816 1255 906 1312 οὖν
958 1258 1090 1335 πρὸς
1145 1254 1410 1328 ἀλλήλους
1441 1259 1488 1314 οἱ
1548 1253 1817 1332 Ἰουδαῖοι,
1849 1249 1946 1308 λέ-

300 1359 506 1424 γοντες·
583 1353 702 1410 Πῶς
769 1344 980 1403 δύναται
1031 1353 1183 1410 οὗτος
1246 1348 1385 1422 ἡμῖν
1427 1344 1600 1404 δοῦναι
1629 1345 1728 1414 τὴν
1777 1343 1944 1421 σάρκα

301 1449 546 1516 φαγεῖνς
608 1437 778 1494 Εἴπεν
848 1435 938 1491 οὗν
984 1437 1167 1501 αὖτοῖς
1229 1438 1256 1493 6
1307 1434 1532 1503 Ἰησοῦς·
1568 1433 1765 1513 Ἀμὴν,
1798 1432 1941 1508 ἀμὴν

300 1524 443 1604 λέγω
509 1527 661 1602 ὑμῖν,
715 1527 806 1582 ἰὰν
869 1526 946 1601 μὴ
990 1526 1195 1605 φάγητε
1225 1527 1322 1593 τὴν
1352 1527 1521 1606 σάρκα
1551 1532 1643 1584 τοῦ
1675 1523 1794 1581 Υἶοῦ
1851 1530 1941 1580 τοῦ

301 1613 596 1688 ἀνθρώπου,
670 1614 757 1670 καὶ
788 1615 943 1680 πίητε
974 1616 1133 1672 αὐτοῦ
1163 1615 1223 1670 τὸ
1253 1614 1420 1695 αἷμα,
1451 1618 1546 1672 οὐκ
1587 1613 1742 1693 ἔχετε
1800 1613 1940 1684 ζωὴν

299 1703 354 1759 έν
410 1703 649 1766 ἑαυτοῖς.
724 1695 782 1760 Ὀ
836 1724 896 1782 τρ
912 1708 1054 1780 ὸγων
1105 1725 1206 1775 μου
1270 1703 1368 1771 τὴν
1426 1704 1616 1782 σάρκα,
1652 1702 1738 1759 καὶ
1779 1703 1941 1759 πίνων

300 1816 402 1868 μου
486 1795 547 1849 τὸ
603 1797 765 1872 αἷμα,
797 1793 913 1872 ἔχει
943 1792 1084 1864 ζωὴν
1115 1793 1344 1849 αἰώνιον·
1381 1794 1469 1849 καὶ
1511 1792 1617 1870 ἐγὼ
1658 1792 1943 1861 ἀναστήσω

2115 1251 2298 1312 Vsus.
2330 1249 2980 1313 5356.:Decertabant
3012 1267 3150 1328 ergo
3181 1247 3368 1310 Judaei
3398 1246 3554 1308 inter
3585 1266 3673 1322 se,

2027 1336 2294 1400 dicentes
2328 1360 2341 1402 :
2368 1339 2675 1412 Quomodo
2709 1342 2803 1402 hic
2833 1349 3027 1421 potest
3059 1338 3229 1400 nobis
3259 1337 3400 1399 dare
3430 1355 3668 1398 carnem

2026 1443 2188 1487 suam
2209 1427 2281 1489 ad
2315 1429 2645 1492 edendum?
2678 1430 2828 1492 Dixit
2862 1431 2946 1491 eis
2975 1431 3149 1492 Jesus
3183 1445 3196 1489 :
3249 1427 3461 1500 Amen,
3495 1444 3670 1489 amen

2024 1515 2156 1577 dlco
2190 1517 2379 1592 vobis,
2418 1519 2528 1579 nisi
2561 1519 2808 1581 ederitis
2839 1537 3082 1580 carnem
3136 1516 3267 1577 Filii
3299 1515 3580 1593 hominis,
3613 1525 3668 1577 et

2026 1603 2299 1666 biberitis
2350 1609 2479 1686 ejus
2527 1609 2899 1688 sanguinem,
2935 1626 3051 1667 non
3091 1604 3385 1667 habebitis
3413 1604 3582 1664 vitam
3609 1603 3668 1664 in

2027 1693 2324 1768 vobis.Qui
2359 1696 2478 1758 edit
2512 1716 2702 1759 meam
2737 1713 3005 1769 carnem,
3043 1704 3099 1755 et
3129 1694 3278 1755 bibit
3311 1710 3505 1754 meum
3538 1711 3670 1754 san-

2026 1782 2479 1864 guinem,habet
2498 1787 2668 1846 vitam
2698 1794 3070 1865 aeternnm,et
3087 1803 3192 1863 ego
3215 1781 3508 1844 suscitabo
3531 1800 3666 1842 eum

300 1883 457 1939 αὐτὸν
485 1887 554 1958 τῇ
595 1871 801 1962 ἰσχᾶτῃ
855 1871 1050 1961 ἧμὲρᾳ.
1100 1871 1162 1938 Ἠ
1217 1883 1318 1960 γὰρ
1375 1882 1500 1962 σάρξ
1570 1904 1672 1958 μου
1731 1881 1928 1948 ἀληθῶς

2025 1871 2088 1933 in
2120 1874 2440 1936 novissimo
2472 1875 2747 1938 die.Caro
2772 1877 2930 1938 enim
2958 1894 3089 1936 mea
3119 1884 3257 1934 vere
3287 1871 3581 1946 estcibus,
3609 1878 3666 1933 et

299 1972 410 2028 Ξστι
466 1973 683 2051 βρῶσις,
743 1971 830 2028 καὶ
880 1972 941 2027 τὸ
986 1971 1129 2046 αἷμά
1158 1993 1258 2047 μου
1312 1971 1525 2039 άληθῶς
1557 1971 1665 2028 ἐστι
1696 1971 1876 2036 πόσις,
1909 1995 1933 2025 ι»

299 2061 648 2124 Ἀκούσαντες
719 2060 765 2116 οἱ
852 2057 1099 2118 Ἰουδαῖοι
1180 2062 1297 2140 περὶ
1351 2067 1451 2129 τῆς
1521 2061 1767 2140 βρώσεως
1840 2066 1937 2127 τῆς

301 2151 494 2231 σαρκὸς
541 2160 658 2210 ’τοῦ
687 2151 897 2230 Κυρίου,
943 2148 1244 2212 ἀπιστοῦσι,
1286 2151 1383 2213 Διὰ
1424 2158 1578 2208 τοῦτο
1620 2151 1706 2208 καὶ
1736 2152 1796 2207 τὸ
1840 2151 1936 2218 τῆς

299 2241 543 2305 ἀπιστίας
572 2240 741 2318 ῥημα,
773 2241 857 2313 τὸ,
897 2259 920 2295 ιι
959 2244 1077 2300 Πῶς
1129 2258 1146 2315 ;
1179 2263 1206 2294 ι
1243 2238 1581 2320 φθέγγονται.
1628 2238 1812 2298 ’Ὅταν
1839 2241 1938 2318 γὰρ

299 2330 540 2396 ἀπιστίας
595 2328 841 2408 λογισμοὶ
911 2327 1210 2386 εἰσέλθωσιν
1281 2331 1354 2394 εἷς
1415 2331 1623 2409 ψυχὴν,
1686 2335 1810 2387 τότε
1850 2331 1939 2386 καὶ

297 2421 383 2500 τὸ,
471 2422 588 2482 Πῶς
637 2417 1101 2498 ;συνεισέρχεται.
1138 2418 1235 2474 Διὰ
1261 2427 1414 2478 τοῦτο
1443 2420 1531 2475 καὶ
1573 2417 1728 2482 αὐτὸς
1772 2418 1937 2474 θέλων

300 2507 486 2581 δεῖξαι,
541 2508 622 2566 ὅτι
695 2511 790 2568 οὐκ
839 2506 948 2564 ’ἐστι
996 2514 1152 2566 τσῦτο
1196 2507 1471 2582 ἀδύνατον,
1507 2506 1642 2564 ἀλλὰ
1684 2509 1773 2565 καὶ
1801 2509 1938 2587 σφὸ-

297 2597 391 2679 δρα
460 2599 780 2678 ἀναγκαῖον,
827 2598 916 2655 καὶ
971 2602 1066 2657 οὒκ
1122 2597 1265 2655 ἔστιν
1337 2597 1512 2662 ἄλλως
1564 2597 1714 2679 ἔχειν
1768 2600 1935 2676 ζωὴν,

297 2689 478 2767 φησίνο
542 2709 566 2744 ιι
622 2689 750 2746 Ἐὰν
807 2688 884 2764 μὴ
943 2711 1043 2764 μου
1097 2688 1196 2757 τὴν
1269 2688 1434 2767 σάρκα
1492 2689 1718 2768 φάγητε,
1775 2711 1803 2744 ι
1851 2689 1938 2746 καὶ

297 2779 363 2835 τὰ
423 2775 570 2845 ἑξῆς.
645 2777 794 2835 Οὕτω
842 2778 930 2833 καὶ
988 2779 1016 2832 6
1070 2775 1373 2853 Νικόδημος
1405 2775 1455 2842 ἐξ
1486 2777 1732 2840 ἀπιστίας
1761 2776 1930 2855 ἔλεγε·

303 2891 331 2924 ι
385 2867 506 2931 Πῶς
536 2865 744 2924 δύναται
773 2864 1042 2945 ἄνθρωπος
1071 2865 1325 2923 είσελθεῖδ
1357 2867 1428 2930 είς
1458 2867 1554 2933 τὴν
1601 2865 1806 2923 κοιλίαν
1835 2871 1933 2933 τῆς

297 2957 496 3037 μητρός
545 2975 561 3032 ;
602 2979 627 3010 ιι
667 2965 763 3012 Δεῖ
791 2955 957 3011 τοίνυν
988 2957 1131 3031 ἡμᾶς
1184 2954 1528 3034 ἀκούσαντας,
1589 2954 1669 3010 ὃτι
1721 2954 1811 3012 ἐὰν
1853 2957 1932 3030 μὴ

293 3048 547 3126 φάγωμεν
610 3046 706 3112 τὴν
765 3044 932 3121 σάρκα
987 3051 1078 3101 τοῦ
1136 3046 1276 3121 Υἱοῠ,
1311 3043 1406 3100 οὒκ
1435 3041 1634 3124 ἔχομεν
1680 3045 1846 3117 ζωὴν,
1879 3045 1932 3100 ἐν

291 3148 411 3200 ταῖς
463 3132 797 3210 μεταλήψεσι
853 3139 960 3190 τῶν
1008 3133 1156 3190 θείων
1229 3134 1528 3215 μυστηρίων
1558 3133 1730 3190 πίστιν
1782 3135 1932 3215 ἔχειν

291 3223 622 3294 ἆδίστακτον,
677 3224 764 3278 καὶ
821 3223 900 3297 μὴ
955 3223 1144 3293 ζητεῖν
1175 3224 1259 3303 τὸ,
1291 3225 1413 3286 Πῶς
1449 3241 1465 3298 ;
1515 3213 1570 3281 Ὀ
1615 3224 1714 3302 γὰρ
1757 3213 1930 3304 ψυχι-

290 3316 382 3377 κὸς
440 3313 730 3392 ἅνθρωπος,
809 3310 1099 3385 τουτέστιν,
1158 3314 1184 3369 6
1241 3311 1524 3390 λογισμοῖς
1593 3313 1931 3390 ἀνθρωπίνοις

289 3408 378 3462 καὶ
433 3409 717 3484 ψυχικοῖς,
777 3401 894 3470 ἤτοι
955 3414 1224 3482 φυσικοῖς,
1288 3403 1575 3477 ἑπόμενος,
1610 3403 1670 3460 οὒ
1716 3402 1930 3483 δέχεται

289 3495 355 3551 τὰ
407 3494 536 3571 ὑπὲρ
565 3493 716 3574 φύσιν
771 3493 859 3549 καὶ
913 3492 1266 3566 πνευματικά·
1330 3491 1507 3568 ὥσπερ
1568 3489 1656 3548 οὗν
1690 3493 1776 3547 καὶ
1832 3493 1930 3559 τήν

290 3584 652 3660 πνευματικὴν
701 3583 894 3662 βρῶσιν
961 3585 1060 3651 τῆς
1090 3588 1184 3638 τοῦ
1220 3582 1402 3660 Κυρίου
1432 3582 1624 3658 σαρκὸς
1684 3583 1745 3638 οὔ
1785 3595 1922 3661 νοεῖ,

287 3675 351 3743 ἧς
437 3676 483 3732 οί
541 3674 619 3750 μὴ
673 3669 1194 3748 μεταλαμϐάνοντες,
1251 3671 1513 3751 ἆμὲτοχοι
1560 3669 1767 3727 ἔσονται
1827 3675 1925 3736 τῆς

289 3763 496 3821 αἰωνίου
537 3762 704 3837 ζωῆς,
765 3763 837 3826 ὡς
887 3761 966 3836 μὴ
1009 3759 1422 3839 παραδεξάμενοι
1450 3762 1540 3817 τὸν
1601 3763 1808 3827 Ὶησοῦν
1836 3761 1924 3817 τὸν

285 3853 409 3912 ὄντα
466 3853 608 3925 ζωὴν
667 3851 943 3922 ἀληθινήν.
977 3852 1049 3908 0-3
1095 3851 1194 3930 γὰρ
1255 3849 1412 3926 ψιλοῦ
1466 3849 1740 3928 ἀνθρώπου
1801 3848 1924 3928 σάρξ

286 3945 425 4004 ὶστιν
475 3947 511 4014 ἠ
565 3942 868 4019 ὶσθιομένη,
937 3940 1072 4001 ἀλλὰ
1104 3943 1257 4015 Θεοῦ,
1289 3944 1376 3998 καὶ
1434 3944 1700 3999 θεοποιεῖν
1765 3938 1923 3998 δυνα-

287 4037 449 4112 μένη,
509 4035 583 4098 ὡς
640 4031 998 4109 ἂνακραθεϊσα
1042 4030 1273 4097 θεότητι·
1343 4031 1488 4098 Αὕτη
1545 4031 1632 4087 καὶ
1711 4029 1923 4097 άληθῶς

284 4125 394 4182 ἐστι
450 4124 671 4203 βρῶσις,
741 4121 869 4177 καθὸ
944 4124 1004 4179 οὐ
1059 4121 1188 4195 πρὸς
1244 4119 1423 4199 ὀλίγον
1481 4121 1663 4199 καιρὸν
1692 4118 1918 4199 διαρκεῖ,

285 4212 399 4270 οὗδὶ
450 4211 712 4293 φθείρεται
768 4209 1000 4288 καθάπερ
1056 4211 1089 4277 ἡ
1145 4208 1341 4293 ρευστῆῖ
1365 4211 1581 4288 βρῶσις,
1629 4208 1765 4266 ἀλλὰ
1819 4216 1919 4278 τῆς

286 4292 496 4361 αἰωνίου
547 4305 688 4373 ζωῆς
769 4299 911 4356 ἐστιν
968 4299 1260 4377 ἐπίκουρος.
1329 4292 1552 4374 Ὀμοίως
1611 4298 1665 4356 δὲ
1742 4301 1828 4356 καὶ
1883 4302 1917 4368 ἡ

285 4395 439 4456 πόσις
499 4401 591 4450 τοῦ
647 4390 880 4466 αἵματος
948 4397 1041 4445 τοῦ
1073 4389 1281 4468 Κυρίου,
1315 4388 1522 4456 άληθῶς
1581 4389 1690 4446 ἐστι
1736 4391 1913 4461 πόσις,

2023 1964 2260 2041 sanguis
2289 1982 2454 2025 meus
2475 1983 2611 2026 vere
2633 1973 2722 2026 est
2751 1963 3175 2045 potus.n.ludaei
3199 1981 3331 2023 cum
3363 1960 3670 2022 audissent

2022 2049 2096 2112 de
2127 2069 2230 2112 esu
2261 2053 2460 2114 carnis
2493 2052 3198 2128 illius,discredunt.ldeo
3231 2059 3288 2112 et
3319 2049 3559 2111 verbum
3583 2051 3670 2111 in-

2022 2139 2393 2202 credulitatis
2415 2141 2641 2203 dicunt:
2676 2142 3020 2216 Quomodo?
3045 2141 3190 2203 Nam
3222 2139 3456 2221 quando
3499 2140 3666 2218 cogi—

2026 2227 2275 2290 tationes
2297 2229 2729 2294 incredulitatis
2753 2232 3167 2310 ingrediuntur
3197 2230 3256 2292 in
3274 2229 3662 2300 animam,in-

2024 2319 2295 2396 greditur
2321 2321 2522 2402 simul,
2559 2322 2898 2394 Quomodo?
2941 2325 3261 2402 Propterea
3306 2320 3434 2400 ipse
3465 2319 3670 2380 volens

2023 2405 2137 2466 hoc
2161 2408 2480 2470 ostendere
2512 2412 2666 2489 quod
2704 2430 2819 2472 non
2844 2411 2920 2471 sit
2953 2407 3456 2490 impossibile,sed
3488 2407 3664 2469 etiam

2020 2495 2188 2558 valde
2214 2500 2640 2572 necessarium,
2675 2500 2799 2565 ait:
2831 2504 2964 2564 Non
3007 2507 3196 2580 potest
3242 2499 3413 2560 aliter
3460 2497 3665 2560 haberi

2023 2585 2156 2660 vita,
2188 2611 2211 2642 ιι
2257 2587 2369 2648 nisi
2402 2609 2593 2650 meam
2644 2610 2883 2654 carnem
2915 2590 3057 2653 593
3096 2588 3446 2668 comedatis,
3480 2611 3505 2643 n
3547 2596 3662 2650 etc.

2020 2676 2102 2736 Ita
2133 2684 2192 2737 et
2219 2676 2586 2740 Nicodemus
2611 2698 2679 2740 ex
2715 2680 3131 2742 incredulitate
3162 2677 3434 2740 dicebat:
3466 2675 3659 2750 «Quo-

2021 2763 2194 2824 modo
2247 2774 2439 2845 potest
2501 2768 2678 2828 homo
2731 2769 2953 2831 intrare
2987 2771 3041 2830 in
3070 2778 3334 2830 ventrem
3371 2767 3606 2827 matris?
3633 2789 3656 2823 ι

2019 2850 2266 2931 Oportet
2286 2853 2460 2932 igitur
2493 2876 2620 2928 nos,
2654 2877 2788 2918 cum
2807 2859 3231 2932 audiverimus,
3255 2856 3382 2920 Nisi
3415 2853 3664 2918 ederitis

2015 2959 2253 3002 carnem
2277 2942 2557 3018 Filii,non
2593 2946 2890 3008 habebitis
2907 2948 3107 3023 vitam,
3135 2947 3194 3008 in
3225 2943 3662 3024 sumptionibus

2014 3029 2343 3092 divinorum
2397 3035 2810 3114 mysteriorum
2860 3035 3247 3098 indubitatam
3297 3033 3562 3095 retinere
3589 3032 3662 3093 ti-

2016 3117 2174 3193 dem,
2211 3126 2270 3182 et
2308 3140 2425 3183 non
2478 3141 2770 3202 quaerere,
2812 3123 2936 3196 Quo
2970 3127 3173 3206 pacto?
3195 3122 3342 3185 Nam
3383 3121 3662 3183 animalis

2016 3208 2217 3280 homo,
2254 3210 2365 3270 hoc
2389 3220 2480 3272 est
2511 3215 2612 3293 qui
2643 3213 2912 3294 sequitur
2941 3214 3327 3293 cogitationes
3371 3212 3662 3273 humanas

2015 3305 2072 3358 et
2103 3299 2414 3368 animales,
2450 3301 2572 3362 sive
2609 3302 2930 3374 naturales,
2961 3323 3076 3364 non
3102 3312 3190 3364 est
3238 3320 3417 3381 capax
3452 3318 3658 3361 eorum

2014 3405 2144 3466 quae
2173 3396 2308 3448 sunt
2349 3407 2530 3470 super
2587 3401 2882 3465 naturam,
2919 3402 2978 3454 et
3005 3390 3422 3473 Spiritualium.
3467 3390 3659 3469 Atque

2013 3475 2092 3536 ita
2117 3484 2176 3537 et
2203 3477 2572 3556 spiritualem
2627 3499 2793 3542 esum
2827 3483 3022 3544 carnis
3053 3481 3378 3543 Dominij
3409 3498 3525 3539 non
3557 3479 3656 3538 in-

2015 3564 2338 3643 telligit50:
2375 3569 2544 3647 cujus
2604 3571 2704 3651 qui
2765 3590 2883 3632 non
2942 3581 3078 3632 sunt
3135 3568 3472 3652 participes,
3537 3585 3655 3627 non

2013 3664 2185 3715 erunt
2230 3657 2552 3737 participes
2581 3674 2820 3721 aeterna:
2852 3661 3003 3736 vitaz,
3038 3680 3108 3721 eo
3157 3659 3312 3741 quod
3363 3675 3479 3718 non
3517 3673 3653 3716 sus-

2013 3753 2301 3823 ceperunt
2327 3744 2554 3822 Jesum,
2587 3750 2686 3829 qui
2719 3759 2809 3811 est
2857 3749 2987 3813 Vita
3059 3760 3300 3811 teterna.
3335 3747 3461 3808 Non
3493 3745 3652 3806 enim

2014 3833 2155 3893 nudi
2187 3834 2440 3897 hominis
2470 3855 2605 3897 caro
2639 3846 2728 3899 est
2753 3859 2885 3920 qum
2919 3840 3328 3910 manducatur,
3361 3835 3467 3898 sed
3521 3833 3650 3907 Dei,

2009 3929 2068 3981 et
2099 3941 2229 4002 quae
2258 3924 2537 3988 deificare
2582 3925 2757 4008 valet,
2792 3937 2994 4009 utpote
3051 3933 3490 4008 contemperata
3519 3922 3651 3984 dei-

2008 4011 2131 4074 tati.
2167 4011 2282 4073 Ista
2311 4015 2488 4074 etiam
2544 4035 2681 4078 vere
2731 4026 2821 4078 est
2864 4018 3054 4094 cibus,
3119 4037 3188 4080 eo
3239 4016 3393 4098 quod
3432 4033 3550 4075 non
3577 4013 3651 4074 ad

2006 4118 2248 4179 parvum
2283 4111 2516 4183 tempus
2565 4105 2758 4181 duret,
2813 4127 3006 4188 neque
3055 4114 3472 4186 corrumpatur
3499 4103 3653 4164 sicut

2005 4191 2410 4270 corruptibilis
2440 4191 2743 4271 cibus,sed
2764 4204 3000 4258 aeternae
3029 4198 3161 4257 vita:
3186 4197 3263 4257 sit
3292 4192 3645 4256 subsidium.

2003 4275 2289 4340 Similiter
2319 4290 2376 4341 et
2406 4290 2576 4361 potus
2605 4285 2908 4361 sanguinis
2938 4285 3199 4358 Domini,
3233 4302 3368 4346 vere
3427 4291 3512 4343 est
3539 4299 3645 4360 po-

2006 4374 2098 4427 tus
2127 4385 2140 4430 :
2173 4369 2308 4449 quia
2340 4390 2456 4432 non
2487 4372 2561 4433 ad
2591 4381 2821 4454 tempus
2841 4375 3058 4439 sufﬁcit
3088 4376 3207 4456 siti,
3257 4374 3358 4435 sed
3411 4388 3650 4450 semper

284 4481 365 4539 ὅτι
413 4482 492 4558 μὴ
541 4481 672 4559 πρὸς
711 4457 919 4556 ’καιρὸν
983 4457 1206 4556 ἐπαρκεύ
1258 4457 1336 4551 τῷ
1358 4475 1518 4559 δίψει,
1554 4475 1673 4535 ἀλλ’
1727 4480 1800 4541 είς
1843 4457 1922 4536 ἀεί

2018 4457 2228 4559 absque
2256 4459 2353 4520 siti
2378 4471 2712 4535 conservat,
2767 4482 2875 4526 nec
2929 4463 3194 4543 indigere
3237 4462 3518 4546 pormittit
3551 4457 3646 4519 bi-

283 4569 472 4647 ἔδιψον
503 4567 745 4645 διατηρεῖ
773 4569 861 4624 καὶ
892 4566 1142 4634 ἀνεπιδεῆ
1211 4569 1304 4624 τὸν
1359 4566 1573 4627 πιόντα·
1632 4571 1806 4634 καθὼς
1836 4571 1924 4626 καὶ

283 4660 412 4738 πρὸς
466 4659 565 4725 τὴν
597 4665 922 4736 Σαμαρεῖτιν
954 4655 1156 4735 ἓλεγεν,
1192 4655 1296 4727 ὅτι,
1329 4675 1358 4714 ›
1415 4647 1471 4713 Ὀ
1522 4656 1684 4738 πίνων
1713 4660 1776 4713 Ex
1831 4666 1922 4715 τοῦ

281 4727 464 4814 ὕδατος
521 4749 583 4804 οὗ
632 4727 972 4824 ﬁdi-866m,
1035 4727 1094 4801 οὗ
1141 4727 1370 4822 διψήσῃ.
1463 4768 1490 4800 ι
1556 4727 1749 4810 ’κοστις
1821 4747 1919 4826 γὰρ

280 4839 378 4906 τὴν
445 4835 603 4917 χάριν
657 4841 750 4892 τοῦ
792 4835 941 4912 ἁγίου
987 4835 1288 4908 Πνεύματος
1319 4832 1402 4891 διὰ
1431 4839 1531 4902 τῆς
1564 4834 1918 4911 μεταλήψεως

280 4933 385 4986 τῶν
430 4926 583 4984 θείων
624 4925 927 5000 μυστηρίων
981 4922 1202 4996 δέξεται,
1293 4925 1409 4982 οὔτε
1470 4923 1727 5000 λιμώττει
1783 4947 1916 4992 νοη-

279 5019 367 5074 τὸν
399 5014 583 5092 λιμὸν,
627 5011 744 5071 οὔτε
773 5011 901 5085 διψᾷ
943 5011 1116 5094 δίψος,
1163 5015 1283 5073 οἷον
1313 5018 1358 5072 ol
1384 5013 1618 5073 ἄπιστοι.

366 5129 394 5163 σ
429 5096 487 5163 Ὀ
542 5103 760 5183 τρώγων
825 5124 926 5177 μου
1005 5105 1101 5170 τὴν
1159 5104 1347 5182 σάρκα,
1422 5105 1509 5160 καὶ
1541 5103 1700 5159 πίνων
1732 5126 1833 5178 μου
1857 5106 1916 5161 τὸ

279 5195 443 5271 αἷμα,
517 5193 571 5248 ἰν
619 5191 736 5268 ἐμοὶ
790 5191 959 5266 μένει,
1017 5191 1167 5270 κάγὼ
1221 5192 1275 5247 ἐν
1331 5193 1494 5266 αὒτῷ,
1548 5193 1730 5253 Καθὼς
1783 5192 1916 5248 ἀπέ-

281 5283 456 5342 στειλὲ
515 5303 581 5358 με
639 5283 666 5339 6
734 5286 837 5352 ζῶν
897 5280 1097 5360 Πατὴρ,
1157 5282 1308 5358 κάγὼ
1339 5288 1413 5353 ζῶ
1455 5281 1538 5338 διὰ
1567 5282 1658 5338 τὸν
1688 5281 1918 5360 Πατέρα.

282 5375 368 5430 καὶ
419 5371 688 5451 ὸτρώγων
745 5392 839 5450 με,
888 5371 1134 5437 κάκεῖνος
1181 5372 1398 5442 ζήσεται
1451 5369 1516 5426 δι’
1577 5369 1692 5447 ἐμέ.
1755 5372 1919 5436 Οὗτός

280 5463 422 5519 ἐστιν
491 5463 519 5518 ὁ
568 5459 722 5538 ἄρτος
783 5462 811 5515 6
867 5458 928 5515 ἐκ
956 5465 1052 5516 τοᾶ
1096 5459 1315 5539 οὖρανοῦ
1356 5457 1614 5524 καταϐὰς·
1662 5460 1720 5516 οὗ
1748 5463 1920 5526 καθὼς

280 5548 474 5630 ἔφαγον
540 5548 602 5604 τὸ
659 5547 831 5623 μάννα
886 5546 930 5604 οἱ
963 5546 1184 5627 πατέρες
1212 5549 1360 5624 ὑμῶν
1390 5547 1444 5605 ἐν
1474 5570 1540 5628 τῃ
1597 5550 1804 5632 ὶρήμῳ,
1835 5550 1922 5607 καὶ

353 5709 420 5762 ω
448 5709 469 5775 l
498 5707 634 5772 Cor.
671 5726 737 5791 ιι,
776 5709 865 5773 14.
951 5707 1007 5761 ω
1036 5706 1206 5771 Joan.
1245 5724 1326 5788 Iv,
1371 5707 1461 5774 l3.

2008 4544 2272 4623 bentem,
2309 4549 2459 4610 sicut
2492 4558 2547 4610 et
2576 4551 2648 4611 ad
2688 4550 3113 4615 Samaritanam
3163 4544 3398 4616 dicebat
3431 4570 3444 4613 :
3485 4576 3509 4604 α
3538 4547 3647 4621 Qui

2007 4633 2244 4696 bibitex
2271 4655 2424 4717 aqua
2445 4657 2619 4718 quam
2645 4659 2751 4717 ego
2785 4641 2959 4722 dabo,
2996 4661 3113 4704 non
3145 4643 3303 4704 sitiet
3328 4643 3410 4702 5|.
3438 4665 3461 4698 ν
3501 4637 3644 4699 Nam

2004 4723 2272 4805 quisquis
2301 4727 2548 4804 gratiam
2578 4729 2764 4790 sancti
2786 4729 3040 4810 Spiritus
3087 4749 3189 4811 per
3247 4731 3645 4810 sumptionem

2003 4812 2332 4875 divinorum
2389 4817 2806 4896 mysteriorum
2829 4820 3178 4900 susceperit,
3204 4837 3400 4900 neque
3430 4818 3642 4878 famem

2001 4902 2400 4981 spriritualem
2437 4923 2632 4986 neque
2682 4908 2839 4968 sitim
2873 4909 3145 4989 patietur,
3175 4909 3406 4988 qualem
3440 4907 3640 4967 incre-

2002 4991 2148 5054 duli.

2081 5079 2268 5143 Vsus.
2299 5081 2518 5146 57-59.
2557 5108 2582 5138 α
2610 5085 2720 5158 Qui
2751 5086 2873 5147 edit
2900 5105 3088 5149 meam
3114 5105 3375 5161 carnem,
3406 5092 3465 5148 et
3501 5083 3648 5146 bibit.

2008 5189 2204 5231 meum
2236 5172 2678 5248 sanguinem,iu
2713 5194 2807 5236 me
2832 5185 3117 5249 manet,et
3146 5176 3329 5256 egoin
3351 5173 3645 5237 illo.Sicut

2005 5257 2165 5320 misit
2197 5278 2290 5320 me
2322 5261 2522 5321 vivens
2553 5261 2748 5337 Pater,
2783 5264 2860 5325 ita
2889 5274 2945 5326 et
2973 5284 3078 5344 ego
3111 5266 3238 5325 vivo
3270 5273 3510 5346 prOpter
3531 5262 3641 5323 Pa-

2005 5358 2178 5424 trem,
2215 5357 2273 5410 et
2303 5349 2400 5429 qui
2424 5351 2614 5411 ederit
2641 5371 2757 5427 me,
2813 5361 2870 5413 et
2899 5351 3026 5432 ipse
3075 5355 3222 5416 vivet
3255 5363 3495 5434 prapter
3527 5371 3640 5412 me.

2006 5437 2114 5499 Hic
2150 5446 2239 5500 est
2279 5439 2445 5519 panis
2491 5443 2588 5519 qui
2636 5441 2711 5501 de
2759 5441 2908 5503 caelo
2955 5443 3310 5505 descendit:
3348 5464 3462 5506 non
3495 5443 3644 5504 sicut

2006 5527 2396 5609 comederunt
2426 5539 2620 5608 patres
2647 5530 2824 5592 vestri
2857 5550 3097 5608 manna,
3127 5539 3187 5596 et
3219 5533 3434 5595 mortui
3481 5542 3637 5610 sunt,
