4116 6318
426 393 573 459 13H

1390 394 1981 459 THEOPHYLACTI
2025 391 2435 459 BULGARLE
2477 398 2833 463 ARGHIEP.

3656 404 3838 470 1312

425 530 535 603 Qui
566 530 689 594 edit
713 532 869 593 hunc
894 549 1128 611 panem,
1156 532 1307 593 vivat
1338 531 1398 592 in
1429 529 1910 594 mternumaHoc
1942 530 2071 592 loco

2160 527 2439 589 ἀπέθανον.
2513 554 2534 587 ι
2578 522 2634 589 Ὀ
2693 532 2910 611 τρώγων
2940 543 3124 593 τοῦτον
3151 539 3243 593 τὸν
3273 537 3454 616 ἄρτον,
3487 541 3720 610 ζήσεται
3756 544 3844 605 εἰς

427 620 715 683 discimus
744 628 1179 683 sacramentum
1198 620 1818 683 communionis.Nam
1834 618 1933 700 qui
1958 618 2080 680 edit

429 719 487 771 et
516 709 662 771 bibit
679 728 918 771 carnem
938 718 998 771 et
1021 710 1371 787 sanguinem
1394 709 1720 783 Domini,in
1738 709 1864 787 ipso
1879 717 2078 769 manet

429 798 707 881 Domino,
730 808 789 861 et
811 798 1098 860 Dominus
1121 799 1181 860 in
1214 801 1362 877 ipso.
1413 796 1897 877 Contemperatio
1917 797 2076 858 enim

428 889 491 951 ﬁt
516 897 752 967 nova,et
779 905 960 968 super
989 887 1390 962 rationem,ita
1418 895 1481 948 ut
1510 888 1585 948 sit
1606 888 1762 950 Deus
1793 886 1853 946 in
1878 886 2073 958 nobis,

429 986 481 1039 et
517 996 624 1040 nos
654 978 714 1039 in
746 977 891 1040 Deo.
916 975 1043 1039 Non
1068 976 1238 1039 audis
1272 976 1601 1038 terribilem
1624 975 1925 1037 auditum?
1944 974 2074 1036 Non

429 1068 612 1130 Deum
637 1067 862 1130 nudum
894 1068 1319 1128 manducamus
1354 1087 1365 1127 :
1405 1065 1561 1145 tangi
1592 1066 1751 1126 enim
1783 1065 2080 1144 nequit,et

428 1157 816 1237 incorporeus
845 1164 957 1218 est.
996 1164 1054 1217 et
1085 1174 1277 1235 neque
1324 1154 1514 1216 oculis
1554 1172 1744 1234 neque
1798 1152 2077 1215 dentibus

434 1244 808 1328 apprehendi
844 1252 1071 1326 potest;
1118 1262 1312 1324 neque
1355 1261 1592 1305 rursum
1644 1242 1787 1305 nudi
1819 1242 2077 1303 hominis

428 1335 851 1416 carnem,nihil
882 1334 1042 1397 enim
1068 1337 1353 1414 prodesse
1374 1339 1568 1413 potest
1596 1354 1607 1395 :
1635 1332 1737 1393 sed
1760 1332 1897 1411 quia
1920 1333 2077 1392 Deus

428 1427 614 1487 univit
642 1425 753 1487 sibi
784 1439 1022 1485 carnem
1056 1422 1385 1484 secundum
1411 1420 1775 1483 inell'abilem
1800 1428 2075 1481 contem-

426 1515 816 1597 perationem,
848 1512 1072 1574 viviﬁca
1102 1519 1193 1572 est
1227 1520 1284 1572 et
1321 1529 1481 1590 caro,
1519 1529 1636 1571 non
1685 1509 1839 1590 quod
1876 1508 1935 1569 in
1970 1508 2075 1570 Dei

427 1613 693 1667 naturam
714 1601 1218 1673 transierit,absit!
1239 1601 1342 1661 sed
1363 1599 1433 1661 ad
1459 1598 1922 1661 similitudinem
1940 1617 2079 1660 can-

429 1693 627 1757 dentis
653 1693 814 1765 ferri,
838 1691 994 1773 quod
1030 1702 1087 1752 et
1109 1690 1330 1753 ferrum
1368 1696 1656 1750 manet.et
1684 1688 1838 1766 ignis
1868 1696 2076 1749 osten-

2160 619 2251 675 τὸν
2310 621 2495 682 αἰῶνα,
2559 645 2586 676 ι
2651 621 2906 708 Ἐνταῦθα
2971 627 3304 700 μανθάνομεν
3382 630 3446 685 τὸ
3519 631 3845 708 μυστήριον

2158 712 2258 773 τῆς
2313 709 2691 786 μεταλήψεως.
2760 701 2816 769 Ὀ
2873 714 2972 792 γὰρ
3029 716 3248 793 τρώγων
3316 718 3405 772 καὶ
3490 701 3653 775 πίνων
3706 701 3839 786 ’τὴν

2160 797 2324 875 σάρκα
2381 801 2469 856 καὶ
2530 802 2590 856 τὸ
2640 801 2782 876 αἷμα
2850 810 2946 859 τοῦ
3004 806 3213 880 Κυρίου,
3247 805 3301 861 ἐν
3333 808 3476 879 αὐτῷ
3520 806 3664 881 μένει
3749 816 3843 883 τῷ

2164 886 2353 977 Κυρίῳ,
2386 889 2471 944 καὶ
2530 891 2558 945 6
2618 891 2803 966 Κύριος
2876 891 2930 947 έν
3014 894 3177 968 αὐτῷ,
3259 896 3646 973 Συνανέκρασις
3720 899 3838 977 γὰρ

2157 973 2278 1042 ξένη
2344 978 2429 1034 καὶ
2484 979 2615 1057 ὑπὲρ
2684 977 2844 1058 λόγον
2915 981 3138 1058 γίνεται,
3173 984 3309 1041 ὥστε
3368 984 3511 1040 εἶναι
3554 986 3643 1041 τὸν

2157 1062 2211 1154 ἒν
2282 1067 2439 1140 ἡμῖν,
2493 1069 2581 1124 καὶ
2636 1070 2779 1143 ἡμᾶς
2837 1070 2890 1126 ὲν
2924 1077 3000 1143 τῷ
3032 1079 3171 1142 Θεῷ.
3219 1075 3325 1130 Οὔκ
3356 1074 3561 1137 άκούεις
3588 1078 3831 1154 φρικτόν

2159 1149 2449 1244 ξὶκουιινμιιιτΙ
2526 1158 2597 1213 Οὐ
2673 1159 2802 1213 Θεὸν
2856 1157 3013 1234 ψιλὸν
3070 1161 3345 1239 τρώγομεν
3407 1149 3636 1244 (hath
3714 1167 3836 1243 γὰρ

2160 1238 2269 1296 ἐστι
2330 1243 2417 1300 καὶ
2486 1244 2794 1324 ἀσώματος,
2840 1248 2929 1306 καὶ
2960 1249 3076 1304 οὔτε
3106 1238 3427 1331 ὀφθαλμοῖς,
3489 1238 3608 1309 οὔτε
3651 1238 3831 1313 63oz");

2160 1352 2243 1385 σιν
2302 1330 2625 1410 ἁλώσιμος),
2705 1333 2820 1392 οὐδὲ
2907 1336 3067 1393 πάλιν
3110 1330 3268 1415 ψιλοῦ
3305 1341 3578 1420 ἀνθρώπου
3639 1343 3836 1422 σάρκα

2161 1418 2331 1488 (οὐδὲν
2387 1422 2487 1501 γὰρ
2544 1422 2819 1502 ὠφελῆσαι
2876 1423 3131 1497 δύναται)”
3233 1429 3354 1485 ἀλλ’
3403 1418 3601 1499 ἐπειδὴ
3682 1418 3835 1495 Θεὸς

2159 1508 2364 1576 ἣνωσεν
2420 1512 2589 1586 ἑαυτῷ
2646 1514 2744 1581 τὴν
2804 1515 2969 1592 σάρκα
3001 1517 3134 1573 κατὰ
3165 1518 3265 1586 τὴν
3296 1519 3523 1598 ἅῤῥητον
3572 1520 3830 1599 ἀνάκρα-

2160 1619 2266 1677 σιν,
2338 1602 2597 1670 ζωοποιὸς
2660 1602 2891 1683 ὑπάρχει
2948 1607 3035 1661 καὶ
3064 1608 3097 1674 ἡ
3132 1606 3276 1687 σὰρξ,
3312 1611 3413 1689 οὐχ
3471 1609 3551 1665 ὅτι
3605 1611 3682 1672 εἰς
3715 1611 3835 1677 τὴν

2158 1696 2252 1745 τοῦ
2312 1690 2446 1746 Θεοῦ
2514 1691 2666 1771 φύσιν
2723 1694 3201 1773 μετακεχώρηκεν,
3249 1696 3462 1775 ἂπαγεί
3512 1697 3648 1755 ἀλλὰ
3677 1701 3834 1757 κατᾶ

428 1785 515 1846 dit
544 1783 971 1865 operationem:
993 1780 1079 1843 sic
1113 1781 1290 1859 igitur
1318 1788 1376 1841 et
1405 1777 1642 1842 Domini
1673 1795 1809 1839 caro
1831 1796 2076 1839 manens

2164 1778 2261 1869 τὴν
2320 1779 2573 1869 ὁμοίωσιν
2629 1790 2721 1841 τοῦ
2820 1785 3198 1861 πεπυρωμένου
3268 1783 3504 1865 σιδήρου,
3610 1787 3669 1852 ὅς
3728 1790 3839 1844 καὶ

428 1893 588 1946 caro,
621 1873 848 1934 viviﬁca
871 1878 962 1933 est
990 1871 1146 1933 sicut
1170 1870 1277 1932 Dei
1297 1868 1474 1929 Verbi
1497 1866 1848 1944 caro.Igitur
1867 1885 2076 1947 quem-

2168 1865 2375 1946 σίδηρος
2447 1867 2617 1949 μένει,
2672 1871 2759 1926 καὶ
2811 1872 2911 1939 τὴν
2966 1880 3058 1930 τοῦ
3122 1877 3286 1953 πυρὸς
3358 1873 3613 1933 δείκνυσιν
3661 1876 3834 1955 ἐνέρ-

431 1963 748 2026 admodum
782 1981 913 2041 ego,
942 1960 1153 2041 inquit,
1186 1958 1315 2021 vivo
1367 1966 1609 2038 propter
1659 1960 1915 2027 Patrem,
1968 1957 2076 2017 hoc

2165 1973 2333 2034 γειαν⁶
2397 1958 2563 2021 οὕτως
2631 1961 2719 2016 οὖν
2780 1962 2867 2017 καὶ
2922 1964 2954 2029 ἡ
3009 1965 3104 2019 τοῦ
3152 1966 3334 2042 Κυρίου
3400 1963 3525 2045 σάρξ
3583 1965 3838 2037 μένουσα.

431 2062 541 2134 est,
576 2061 851 2133 tanquam
879 2058 1049 2112 natus
1083 2068 1151 2111 ex
1190 2052 1384 2122 Patre,
1427 2048 1526 2128 qui
1572 2056 1660 2109 est
1707 2048 1843 2122 vita,
1894 2048 1972 2108 ita
2022 2055 2076 2109 et

2162 2046 2310 2134 σιὶρξ,
2372 2047 2634 2118 ζωοποιός
2692 2047 2858 2130 ἐστιν,
2926 2052 2999 2116 ὡς
3063 2063 3155 2111 τοῦ
3237 2062 3369 2115 Θεοῦ
3426 2057 3599 2134 Λόγου
3660 2055 3825 2134 σὰρξ,

432 2123 541 2223 (ιιιῖ
565 2123 880 2203 manducet
909 2138 1185 2215 me,vivet
1209 2123 1460 2217 propter
1480 2156 1595 2207 me,
1621 2136 1761 2197 dum
1793 2135 2076 2216 quodam-

2165 2123 2380 2214 ιὨσπερ
2431 2139 2540 2217 οὖν,
2597 2140 2774 2215 φησὶν,
2811 2123 2920 2217 ἐγὼ
2944 2144 3018 2212 ζῶ
3069 2140 3150 2198 διὰ
3208 2143 3300 2201 τὸν
3346 2123 3577 2223 Πατέρα,
3621 2123 3826 2201 το)τὲ-

434 2232 609 2294 modo
646 2230 928 2292 miscetur
959 2227 1192 2301 mihi,et
1241 2226 1802 2289 transelementatur
1851 2224 1913 2286 in
1960 2244 2076 2298 me,

2164 2245 2301 2305 στιν,
2362 2236 2433 2289 ὼς
2495 2229 2761 2303 γεννηθεὶς
2820 2227 2881 2285 ἐκ
2962 2238 3054 2287 τοῦ
3110 2234 3336 2311 Πατρὸς,
3404 2233 3457 2297 ὅς
3511 2234 3622 2290 ἐστι
3672 2234 3825 2308 ζωὴ,

434 2321 533 2403 qui
566 2320 721 2381 506
749 2318 1052 2381 viviﬁcaJe
1085 2334 1345 2397 possum.
1380 2314 1624 2388 Quando
1658 2324 1853 2377 autem
1886 2315 2076 2396 audis,

2163 2312 2300 2369 οὕτω
2356 2316 2445 2371 καὶ
2501 2317 2528 2371 6
2583 2317 2803 2393 τρώγων
2860 2340 2952 2393 με,
3011 2322 3227 2391 ζήσεται
3281 2320 3350 2378 δι’
3400 2322 3497 2398 ἐμὲ
3555 2322 3829 2403 ἅνακιρνώ

441 2410 594 2488 «Ego
622 2409 898 2489 vivo,'ne
910 2406 1212 2468 existimes
1230 2423 1362 2466 eum
1381 2406 1552 2485 juxta
1567 2403 2076 2485 participationem

2163 2424 2344 2477 μενος,
2406 2405 2587 2482 ὣσπερ
2641 2407 2727 2461 καὶ
2784 2411 3350 2489 μεταστοιχειούμενος
3435 2413 3508 2475 εἷς
3570 2411 3665 2487 ἐμὲ
3721 2412 3826 2467 τὸν

432 2487 565 2562 vita)
592 2487 809 2577 vivere,
838 2495 1058 2577 alioqui
1080 2494 1297 2556 animal
1322 2494 1625 2556 diceretur
1648 2494 1934 2569 Deus,sed
1960 2513 2076 2555 non

2166 2500 2454 2571 ζωογονεῖν
2540 2495 2818 2574 ἰσχύοντα,
2857 2487 3135 2555 ’Ὀτανί-δὲ
3165 2499 3416 2578 ἀκούσῃς,
3463 2500 3567 2575 ὅτι,
3606 2519 3635 2560 ι
3666 2500 3826 2578 Ἐγὼ

434 2597 546 2663 est,
573 2606 767 2669 neque
804 2585 962 2648 enim
1008 2583 1163 2646 Deus
1212 2583 1427 2645 animal
1488 2582 1851 2669 nominatur,
1891 2602 2076 2662 neque

2167 2587 2263 2660 ζῶ,
2342 2608 2366 2635 ⁵
2442 2584 2519 2657 μὴ
2577 2585 2757 2659 νόμιζε
2815 2588 2967 2643 αὖτὸν
3001 2589 3137 2644 κατᾶ
3179 2591 3423 2669 μετοχὴν
3452 2598 3592 2662 ζωῆς
3621 2596 3738 2665 ζῇνδ
3779 2590 3820 2657 ἦ

434 2661 704 2739 creatura
730 2674 1003 2755 quaedam
1054 2671 1173 2733 vita
1220 2670 1545 2733 vocabitur.
1583 2668 1751 2750 Saepe
1798 2661 2076 2733 autemet

2169 2671 2268 2748 γὰρ
2327 2670 2388 2731 ἔν
2439 2678 2570 2743 ζῶον
2642 2672 2853 2752 ἐλέγετο
2909 2679 2937 2733 ὁ
3007 2661 3438 2742 Θεόςίὰλλίούκ
3468 2661 3823 2741 {cum-05::

436 2766 688 2829 multum
721 2764 781 2825 in
806 2781 911 2825 ore
953 2770 1167 2834 versat,
1209 2785 1231 2818 ιι
1260 2763 1468 2825 Patres
1491 2760 1671 2821 vestri
1702 2760 2076 2822 comederunt

2171 2761 2269 2838 γὰρ
2327 2763 2456 2824 Θεὸς
2511 2761 2646 2832 ζῶον
2707 2764 3042 2845 ὀνομάζεται,
3118 2765 3233 2823 οὔτε
3329 2770 3539 2825 κτιστὸν
3608 2770 3641 2836 ἠ
3697 2770 3820 2839 ζωὴ

434 2873 650 2918 manna
665 2856 721 2915 in
740 2851 1081 2922 solitudine,
1095 2858 1192 2913 aut
1207 2850 1556 2931 persuadeat
1572 2848 2076 2913 hominibus.Nam

2170 2846 2517 2919 κληθήσεται,
2582 2857 2833 2932 Συνεχῶς
2893 2853 2947 2910 δὲ
3018 2854 3125 2911 ἅνω
3168 2857 3255 2913 καὶ
3284 2854 3427 2913 κάτω
3457 2856 3663 2937 στρέφει
3724 2858 3814 2933 τὸ,

433 2947 480 3008 si
494 2942 777 3027 possibile
790 2941 1179 3023 quadraginta
1203 2940 1376 3002 annis
1392 2939 1521 3000 sine
1540 2956 1732 2999 messe
1750 2946 2076 3002 etsemente

2172 2958 2200 3027 ε
2264 2942 2322 2996 Οἱ
2369 2939 2591 3019 πατέρες
2619 2944 2765 3017 ὑμῶν
2796 2941 2990 3022 ἔφαγον
3018 2944 3079 3000 τὰ
3107 2946 3277 3019 μάννα
3306 2947 3360 3001 ἐν
3410 2954 3478 3023 τῇ
3536 2946 3740 3027 ἐρήμῳ,
3784 2969 3812 3005 ι

436 3024 597 3116 pasci
625 3032 921 3110 homines,
949 3038 1006 3091 et
1034 3027 1377 3090 conservari
1402 3028 1636 3089 illorum
1668 3027 1869 3090 vitam:
1899 3028 2076 3091 multo

2166 3024 2249 3083 διὰ
2278 3029 2339 3083 τὸ
2390 3042 2575 3085 πεῖσαι
2631 3031 2753 3095 τοὺς
2811 3032 3126 3111 ἀκούοντας,
3155 3033 3302 3091 ὅτιεὶ
3355 3024 3573 3092 δυνατὸν
3602 3036 3821 3113 ἐγένετο

439 3115 623 3202 magis
656 3139 815 3182 nunc
846 3117 1225 3181 conservabit
1260 3125 1515 3178 nostram
1549 3116 1918 3197 spiritualem
1953 3136 2076 3179 me-

2167 3115 2219 3172 ἐν
2288 3118 2681 3197 τεσσαράκοντα
2740 3118 2909 3177 ἔτεσιν
2964 3121 3084 3178 ἄνευ
3149 3123 3359 3198 ἀμητοῦ
3441 3126 3528 3181 καὶ
3609 3131 3818 3203 σπορᾶς

436 3212 570 3274 liori
604 3229 756 3292 pane
778 3209 1277 3282 Dominus,carne
1298 3225 1426 3278 sua,
1454 3224 1585 3284 quae
1609 3205 1837 3286 absque
1860 3206 2076 3269 semine

2172 3205 2517 3286 διατραφῆναι
2576 3208 2901 3289 ἀνθρώπους,
2979 3213 3065 3267 καὶ
3153 3210 3565 3293 διακρατηθῂαι
3622 3216 3813 3274 αὐτοῖς

433 3301 540 3362 viri
573 3319 643 3361 ex
678 3298 908 3377 virgine
940 3306 1030 3359 est
1059 3295 1399 3360 constituta.
1433 3293 1665 3373 Ubique
1709 3307 1906 3355 autem
1954 3295 2076 3357 vita1

2167 3295 2266 3362 τὴν
2320 3296 2486 3367 ζωὴν,
2545 3297 2730 3372 πολλῷ
2795 3299 2999 3374 μᾶλλον
3031 3304 3115 3357 νῦν
3144 3301 3490 3381 διακρατήσει
3536 3304 3633 3373 τὴν
3664 3303 3816 3375 ζωὴν

434 3389 727 3461 meminit,
752 3396 809 3448 et
839 3389 1055 3448 crebro
1089 3387 1201 3447 hoc
1231 3403 1448 3446 nomen
1496 3382 1891 3463 addidit,quia
1938 3383 2076 3445 nihil

2166 3385 2319 3459 ἡμῶν
2374 3384 2471 3452 τὴν
2528 3388 2726 3455 νοητὴν
2782 3395 2859 3463 τῷ
2912 3390 3169 3467 κρείττονι
3242 3388 3383 3470 ἄρτῳ
3409 3393 3437 3449 ό
3500 3393 3708 3471 Κύριος,
3738 3398 3815 3469 τῇ

434 3480 511 3539 ita
538 3497 714 3539 suave
736 3474 1082 3538 hominibus
1112 3484 1173 3534 ut
1203 3493 1302 3535 res
1334 3474 1456 3543 illa,
1492 3472 1673 3551 Igitur
1721 3481 1779 3533 et
1828 3482 1884 3533 tu
1914 3483 2076 3553 potes

2166 3475 2315 3549 σαρκὶ
2373 3476 2529 3531 αὐτοῦ
2583 3482 2648 3546 τῇ
2722 3474 2843 3533 ἄνευ
2893 3485 3092 3557 σπορᾶς
3177 3476 3361 3557 ἀδδρὸς
3438 3481 3672 3556 συστάσῃ
3743 3479 3811 3536 ἐκ

428 3587 545 3629 non
568 3566 760 3628 solum
789 3564 1116 3626 secundum
1147 3563 1449 3643 mysticam
1477 3563 1959 3624 communionem
1986 3582 2076 3624 ιο·

2164 3563 2417 3641 παρθένου
2500 3564 2628 3642 γῆς,
2708 3571 2994 3648 Πανταχου
3051 3566 3106 3624 δὲ
3175 3574 3320 3640 ζωῆς
3367 3569 3658 3648 μέμνηται,
3718 3570 3812 3626 καὶ

429 3656 670 3718 medere
693 3663 752 3717 et
770 3654 978 3716 bibere
1002 3672 1241 3714 carnem
1260 3662 1317 3715 et
1333 3652 1677 3730 sanguinem
1703 3650 2076 3732 Domini,sed

2164 3653 2481 3730 συχνότερον
2541 3660 2695 3711 τοῦτο
2751 3656 2811 3712 τὸ
2867 3656 3036 3732 ὄνομα
3086 3659 3333 3737 παράγει,
3422 3657 3605 3726 ἐπειδὴ
3659 3656 3813 3716 οὖδὲν

428 3753 487 3810 et
515 3746 628 3806 alio
661 3743 913 3824 quodam
969 3742 1167 3803 modo.
1211 3740 1444 3803 Etenim
1479 3748 1537 3801 et
1564 3758 1804 3801 carnem
1837 3740 2076 3820 quidem

2163 3740 2325 3806 οὕτως
2382 3740 2478 3809 ἡδὺ
2535 3755 2651 3806 τεοῖς
2711 3744 3028 3823 ἀνθρώποις,
3062 3748 3135 3809 ὡς
3166 3755 3319 3805 τοῦτο
3362 3749 3423 3804 τὸ
3456 3749 3667 3828 χρῆμα.
3707 3750 3807 3806 Καὶ

374 3848 381 3857 ’
432 3836 748 3897 manducat
788 3831 1026 3911 aliquis,
1078 3830 1317 3910 quando
1358 3849 1465 3909 per
1513 3831 1778 3909 praticen
1832 3828 2076 3893 incedit.

2162 3831 2223 3886 σὺ
2282 3832 2452 3887 τοίνυν
2508 3828 2723 3889 δύνασαι
2749 3839 2808 3893 οὗ
2849 3835 3012 3910 μόνον
3041 3838 3177 3894 κατὰ
3206 3838 3301 3905 τὴν
3332 3838 3592 3912 μυστικὴν
3636 3836 3812 3912 μετά-

428 3922 576 3985 Caro
606 3923 765 3985 enim
791 3918 1065 3982 confectu
1096 3919 1545 3997 difﬁcilis,sicut
1576 3931 1636 3980 et
1667 3919 1892 3999 pratice
1915 3918 2076 3981 labo-

2169 3918 2337 3995 ληψιν
2396 3920 2581 3977 ἐσθίειν
2624 3923 2712 3978 καὶ
2767 3924 2932 3980 πίνειν
2986 3926 3086 3993 τὴν
3142 3928 3310 4006 σάρκα
3339 3928 3425 3984 καὶ
3454 3928 3517 3983 τὸ
3537 3927 3681 4002 αἷμα
3711 3930 3810 3983 τοῦ

428 4013 604 4074 riosa.
661 4008 1017 4089 Sanguinem
1069 4027 1211 4070 vero
1265 4008 1416 4070 bibit
1455 4015 1520 4070 ut
1555 4007 1759 4069 vinum
1792 4007 1948 4088 quod
1981 4028 2076 4070 cor

2171 4009 2462 4084 Δεσπότου,
2522 4008 2659 4067 ἆ).Λὰ
2711 4016 2798 4069 καὶ
2854 4014 2973 4071 κατ’
3004 4013 3164 4072 ἄλλον
3191 4017 3409 4095 τρόπον,
3453 4016 3547 4074 Καὶ
3582 4017 3680 4096 γὰρ
3708 4016 3810 4085 τὴν

430 4102 707 4174 laetificat,
740 4097 1255 4178 contemplativus.
1290 4096 1516 4159 Labore
1551 4096 1711 4158 enim
1740 4106 1901 4160 caret
1934 4116 2076 4160 con-

2165 4098 2263 4173 μὶν
2326 4098 2492 4176 σάρκα
2543 4098 2699 4156 ἐσθίει
2756 4122 2864 4183 τις,
2922 4102 3047 4160 ὅταν
3102 4103 3187 4160 διὰ
3241 4107 3339 4173 τῆς
3368 4104 3665 4183 πρακτικῆς
3696 4105 3804 4181 βα-

434 4189 758 4270 templatio,
786 4189 906 4248 imo
929 4194 986 4247 et
1019 4187 1293 4250 laborum
1320 4187 1562 4269 requies
1589 4194 1703 4259 est,
1721 4193 1781 4248 et
1812 4186 1973 4267 potui
1990 4187 2076 4248 si-

2164 4184 2299 4263 δίζῃ’
2355 4185 2801 4267 δυσκατέργαστον
2868 4192 2967 4271 γὰρ
3047 4194 3081 4261 ἠ
3170 4193 3319 4273 σὰρξ,
3396 4194 3575 4271 ὥσπερ
3628 4194 3717 4250 καὶ
3772 4193 3811 4261 ἡ

435 4281 697 4359 milatnr,
752 4277 891 4358 quia
925 4284 980 4336 et
1033 4286 1207 4352 potus
1254 4277 1469 4338 minori
1503 4275 1705 4339 labore
1740 4282 1875 4354 eget
1900 4295 2076 4357 quam

2162 4278 2429 4352 πρακτικὴ
2483 4276 2733 4356 ἔγκοπος’
2802 4282 2862 4337 τὸ
2919 4279 2973 4337 δὲ
3031 4283 3175 4357 αἷμα
3205 4285 3363 4365 πίνει,
3410 4284 3485 4347 ὼς
3518 4283 3668 4341 οἶνον
3714 4285 3807 4341 εὖ·

430 4370 626 4432 cibus.
2162 4366 2439 4445 φραίνοντα
2493 4366 2731 4448 καρδίαν,
2816 4370 2843 4426 ὀ
2925 4371 3269 4450 θεωρητικός
3360 4372 3562 4430 ἅκοπον
3619 4372 3720 4451 γὰρ
3771 4372 3805 4440 ἡ

435 4460 643 4540 θεωρία,
683 4458 885 4535 μᾶλλον
930 4452 983 4509 δὲ
1032 4459 1116 4513 καὶ
1144 4457 1327 4515 κόπων
1384 4458 1698 4536 ἀνάπαυσις,
1759 4458 1846 4513 καὶ
1904 4456 2055 4513 πόσει
2117 4454 2345 4534 ἐοικυῖα,
2408 4454 2522 4511 ἐπεὶ
2577 4460 2665 4514 καὶ
2734 4460 2768 4527 ἡ
2817 4460 2973 4525 πόσις
3030 4460 3230 4519 άκοπον
3288 4461 3517 4539 μᾶλλον,
3580 4460 3715 4537 ἤπερ
3772 4463 3807 4529 ἡ

428 4552 645 4627 βριῖηνις⁹

503 4639 680 4704 Vens.
705 4640 921 4705 60-63.
964 4667 987 4700 α
1030 4640 1167 4704 Haec
1190 4639 1338 4700 dixit
1368 4638 1429 4699 in
1453 4655 1746 4717 synagoga
1768 4636 1991 4699 docens
2009 4635 2068 4697 in

2241 4655 2264 4689 ι
2369 4643 2543 4694 Ταῦτα
2630 4642 2782 4695 εἶπεν
2865 4641 2920 4696 ἒν
2977 4647 3045 4716 τῇ
3106 4647 3390 4721 συναγωγῇ
3446 4639 3706 4698 διδάσκων
3750 4640 3802 4695 ἐν

425 4729 991 4811 Capcrnaum.Multi
1007 4750 1145 4807 ergo
1165 4730 1258 4791 his
1279 4728 1491 4790 auditis
1508 4746 1576 4788 ex
1595 4726 1901 4806 discipulis
1920 4726 2074 4809 ejus,

427 4819 737 4883 dixerunt:
764 4819 958 4884 Durus
975 4831 1066 4883 est
1087 4820 1182 4881 hic
1205 4818 1569 4899 sermo,quis
1606 4825 1797 4897 potest
1820 4834 1953 4877 eum
1977 4834 2081 4877 au-

421 4909 587 4970 dire"
616 4911 821 4971 Sciens
850 4919 1046 4973 autem
1078 4913 1251 4972 Jesus
1276 4908 1435 4988 apud
1489 4907 1880 4986 semetipsum
1915 4904 2073 4986 quod

427 4999 970 5061 murmurabantde
1005 5002 1114 5060 hoc
1164 4997 1442 5076 discipuli
1500 4995 1711 5076 ipsius,
1740 4994 1888 5056 dixit
1937 4993 2072 5057 eis:

422 5085 546 5147 Hoc
574 5105 679 5148 vos
711 5088 987 5149 offendit?
1019 5087 1171 5162 Quid
1227 5086 1406 5166 igitur
1463 5087 1509 5146 si
1572 5084 1829 5146 videritis
1866 5082 2076 5146 Filium

428 5175 686 5237 hominis
728 5178 1146 5239 ascendentem
1194 5195 1265 5237 eo
1324 5176 1423 5237 ubi
1452 5173 1617 5255 prius
1646 5172 1799 5235 erat?
1828 5198 1849 5231 ο
1886 5171 2081 5244 Quare

427 5264 484 5324 in
520 5282 812 5344 synagoga
841 5266 1094 5327 docuit?
1125 5266 1347 5329 Partim
1390 5265 1545 5345 quod
1597 5262 1830 5324 volebat
1877 5267 2078 5327 venari

436 5354 901 5428 multitudinem,
929 5356 1140 5435 partim
1164 5352 1687 5436 quotlostendebat
1718 5371 1783 5414 se
1810 5371 1924 5412 non
1946 5367 2078 5412 essa

424 5443 787 5504 contrarium
814 5444 1095 5525 legi,quae
1118 5444 1419 5523 legebatur
1442 5444 1499 5504 in
1522 5441 1835 5523 synagogis
1884 5439 2079 5512 Quare

422 5540 623 5594 autem
644 5532 789 5594 tales
813 5551 1124 5596 sermones
1140 5535 1200 5595 in
1226 5533 1486 5595 medium
1508 5531 2077 5613 proferebat,quam-

425 5620 762 5724 nesciebat
817 5621 1034 5724 nullam
1071 5623 1561 5724 ἰιιὰρωςιξιιιιςηι
1606 5628 2073 5724 .percepturutn,

428 5708 531 5769 sed
555 5709 771 5771 multos
802 5711 978 5772 etiam
1011 5710 1153 5774 inde
1174 5711 1181 5718 ’
1201 5707 1398 5793 ’mi'gis
1426 5710 1683 5775 oﬂ'endi?
1712 5712 1859 5775 Nam
1893 5716 1951 5771 et
1978 5707 2078 5768 di-

2167 4726 2533 4803 Καπερναούμ.
2600 4726 2794 4785 Πολλοὶ
2862 4728 2952 4786 οὖν
3008 4729 3326 4794 ἀκούσαντες
3386 4729 3448 4787 ἐκ
3486 4735 3596 4786 τῶν
3627 4732 3805 4796 μαθη-

2162 4820 2267 4869 τῶν
2326 4818 2505 4888 αὒτοῦ,
2578 4820 2756 4873 εἶπον·
2794 4816 3035 4897 Σκληρός
3080 4818 3220 4874 ἐστιν
3265 4822 3293 4875 6
3336 4817 3497 4897 λόγος
3522 4818 3695 4883 οὗτος·
3728 4818 3800 4881 τίς

2160 4899 2370 4958 δύναται
2428 4907 2586 4962 αὐτοῦ
2661 4906 2867 4963 ἀκούειν
2917 4925 2932 4981 ;
3008 4905 3169 4971 Εἰδὼς
3201 4906 3255 4964 δὲ
3286 4911 3313 4965 6
3347 4900 3552 4975 ἰησοῦς
3595 4908 3649 4963 ἐν
3679 4908 3801 4963 ἐαυ-

2160 4998 2259 5064 τῷ,
2333 4991 2413 5048 ὄτι
2482 4995 2794 5072 γογγύζουσι
2864 4998 2981 5075 περὶ
3035 4998 3221 5054 τούτου
3264 4999 3312 5054 οἰ
3343 4998 3576 5073 μαθηταὶ
3626 4996 3800 5071 αὐτοῦ,

2165 5080 2320 5135 εἶπεν
2376 5082 2577 5148 αὐτοῖς’
2665 5092 2828 5142 Τοῦτο
2892 5086 3027 5159 ὑμᾶς
3086 5085 3467 5158 σκανδαλίζεις
3526 5084 3658 5143 Ἐὰν
3715 5086 3799 5141 οὗν

2162 5173 2394 5247 θεωρῆτε
2457 5174 2545 5228 τὸν
2620 5176 2737 5229 ι’ἱον
2795 5181 2886 5231 τοῦ
2941 5173 3215 5253 ἀνθρώπού
3272 5173 3648 5248 ἀναϐαίνοντα,
3679 5173 3805 5231 ὅπου

2162 5257 2226 5323 ἧν
2296 5260 2357 5314 τὸ
2412 5260 2718 5337 πρότερονς
2771 5284 2795 5317 ιι
2858 5262 3007 5326 Τίνος
3062 5261 3238 5318 ἕνεκεν
3294 5263 3348 5320 ἐν
3405 5270 3475 5340 τῇ
3526 5268 3806 5341 συναγωγῇ

2161 5344 2425 5403 ἐδίδασκεν
2470 5370 2488 5421 ;
2551 5341 2711 5424 ”Αμα
2763 5351 2860 5426 μὲν
2916 5352 2976 5406 τὸ
3034 5350 3234 5420 πλῆθος
3264 5356 3513 5432 θηρεύσαι
3544 5349 3805 5428 βουλόμει⁸

2161 5458 2271 5511 νος,
2329 5436 2439 5509 ἅμα
2508 5436 2562 5494 δὲ
2624 5437 2893 5498 δεικνύων.
2952 5438 3034 5495 ὅτι
3067 5441 3161 5499 οὒκ
3190 5442 3422 5506 ἐναντίος
3452 5443 3664 5513 εστὶτῷ
3715 5439 3805 5496 νό-

2161 5547 2247 5600 μῳ
2304 5533 2381 5600 τῷ
2435 5526 2912 5606 ἀναγινωσκομένῳ
2967 5528 3022 5584 ἓν
3052 5544 3175 5597 ταῖς
3218 5546 3585 5610 συναγωγαῖς.
3660 5530 3805 5586 Διατί

2161 5613 2215 5670 δὲ
2267 5616 2388 5679 τοὺς
2465 5617 2732 5680 τοιούτους
2788 5617 2979 5696 λόγους
3038 5620 3110 5683 εἷς
3168 5622 3229 5678 τὸ
3298 5619 3463 5696 μέσον
3518 5619 3798 5699 προῦφερε,

2163 5708 2332 5764 καίτοι
2435 5706 2639 5783 μηδένα
2734 5707 2947 5786 μέλλων
3014 5709 3315 5793 ὠφελῆσαι,
3390 5708 3527 5767 ἀλλὰ
3581 5708 3804 5774 πολλοὺς
