4116 6318
294 370 447 438 1313

979 370 1425 443 ENARRATIO
1468 378 1551 439 ΙΝ
1596 364 2102 439 EVANGELIUM
2146 361 2491 434 IOANNIS.
2526 402 2599 417 —
2646 363 2810 432 CAP.
2863 364 2965 432 VI.

3525 355 3680 430 iatt

290 507 654 581 σκανδαλίζειν
724 509 979 589 μᾶλλον,
1057 512 1152 570 Καὶ
1216 512 1316 592 γὰρ
1390 513 1441 568 οἱ
1510 512 1742 587 μαθηταὶ
1793 502 1946 566 αἱ)τοῦ

2032 496 2243 592 scipuli
2276 501 2403 579 ejus
2433 499 2526 561 his
2557 497 3353 592 auditis,diiterun_t,_cDurus
3371 508 3469 592 est
3489 516 3687 560 sermo

289 598 638 673 ἀκούσαντες,
699 599 882 656 εἶπον*
950 623 977 655 σ
1041 598 1291 679 Σκληρός
1350 599 1491 657 ἔστιν
1522 602 1550 656 ὁ
1578 598 1738 679 λόγος
1769 598 1943 659 οὗτος·

287 687 367 751 τίς
395 685 606 743 δύναται
664 688 821 744 αὑτοῦ
851 688 1062 745 ἀκούειν
1096 708 1112 769 ς
1165 712 1188 745 ι
1228 691 1287 747 Τί
1314 689 1403 747 οὗν
1434 690 1495 747 τὸ
1521 686 1700 769 κέρδος
1732 687 1792 743 ἐκ
1818 686 1941 744 τού-

287 797 394 832 των
452 783 558 833 τῶν
631 777 925 854 ῥημάτωνς
959 775 1063 839 Καὶ
1095 776 1241 853 μάλα
1308 777 1446 836 πολὺ
1473 780 1562 835 καὶ
1593 779 1755 856 μέγα,
1799 776 1949 834 Ἐπεὶ

290 866 391 943 γὰρ
446 866 758 940 σωματικῆς
787 870 988 946 τροφῆς
1044 866 1347 943 ὶμέμνηντο
1417 870 1680 948 συνεχῶς,
1735 868 1825 923 καὶ
1884 866 1945 921 τὸ

293 954 464 1031 μάννα
520 956 594 1020 εἰς
668 955 829 1030 μέσον
888 954 1203 1036 προύφερον,
1290 955 1537 1014 δεικνύων
1606 960 1812 1031 αὐτοῖς,
1865 953 1943 1011 ὅτι

292 1043 465 1100 παίντα
523 1041 704 1100 ἐκεῖνα
760 1045 914 1101 τύποι
971 1045 1109 1113 ἦσαν
1160 1048 1251 1102 καὶ
1308 1048 1454 1120 σκιὰ,
1516 1048 1581 1102 τὰ
1615 1053 1701 1104 νύν
1732 1044 1787 1102 δὲ
1820 1048 1945 1122 παρ’

293 1131 454 1189 αὐτοῦ
518 1131 781 1211 λεγόμενα
831 1136 1018 1211 ταῦτα,
1108 1135 1235 1191 εἰσὶν
1264 1137 1299 1204 ἡ
1330 1134 1577 1210 ἀλήθεια,
1606 1136 1793 1192 τούτου
1822 1133 1943 1190 ’ἐνε-

289 1240 381 1276 κεν
434 1223 601 1278 ταῦτα
652 1220 823 1301 λέγει,
882 1224 971 1278 καὶ
1018 1222 1215 1302 τροφῆς
1295 1230 1655 1300 πνευματικῆς
1727 1223 1942 1300 μέμνη-

290 1329 403 1389 ται,
460 1306 555 1365 ἵνα
610 1310 768 1387 πείσῃ
829 1313 1017 1377 αὐτοὺς
1067 1312 1174 1368 ἀπὸ
1220 1313 1328 1369 τῶν
1413 1314 1677 1381 αἰσθητῶν
1763 1318 1944 1377 ποσῶς

292 1397 593 1474 ἀνανεῦσαι,
650 1401 740 1455 καὶ
793 1405 899 1457 τῶν
956 1401 1135 1458 τύπων
1209 1402 1308 1477 μὲν
1338 1404 1425 1459 καὶ
1456 1402 1551 1471 τῆς
1592 1408 1743 1466 σκιᾶς
1772 1422 1945 1459 κατα-

292 1487 581 1567 φρονῆσαι,
644 1492 714 1564 τῇ
769 1486 821 1544 δὲ
894 1487 1115 1562 ἀληθείᾳ
1158 1488 1544 1570 προσδραμεῖν.
1571 1489 1717 1549 Ἀλλ’
1750 1489 1945 1548 ἐκεῖνοι

293 1572 461 1651 μηδὲν
511 1577 641 1655 ὑπὲρ
710 1576 813 1645 τὴν
869 1578 1119 1647 αἴσθησιν
1192 1593 1367 1659 νοεῖν,
1424 1579 1725 1659 δυνάμενοι,
1823 1580 1946 1637 οὕτε

292 1662 646 1747 βελτιοὺνται,
745 1668 833 1723 καὶ
905 1667 1114 1743 μᾶλλον
1197 1656 1563 1736 ἆποπῆδῶσιή
1615 1670 1702 1727 καί
1793 1691 1941 1751 φασι,

299 1772 326 1809 α
365 1752 606 1834 Σκληρός
661 1754 801 1812 ἔστιν
834 1758 862 1812 ὁ
930 1755 1089 1836 λόγος
1148 1758 1327 1839 οὗτος,
1361 1782 1385 1814 ιι
1422 1759 1536 1816 ἀντὶ
1577 1768 1692 1833 τοὺ,
1718 1760 1941 1840 τραχὺς,

2030 585 2152 662 hic,
2184 588 2318 667 quis
2352 597 2539 668 potest
2571 588 2738 649 illum
2764 588 3035 648 audire?»
3062 586 3244 663 igitur
3274 588 3426 668 quod
3456 586 3682 648 lucrum

2032 694 2103 737 ex
2147 677 2242 739 his
2288 676 2509 740 verbis?
2542 676 2665 738 Imo
2699 678 3017 757 plurimum
3054 686 3114 737 et
3143 678 3486 739 maximum.
3537 674 3680 736 Nam

2031 766 2312 844 quoniam
2347 784 2644 827 memores
2666 774 2838 826 erant
2861 765 3117 826 subinde
3137 765 3255 826 cibi
3275 764 3683 845 corporalis,et

2032 868 2248 916 manna
2272 855 2329 915 in
2356 855 2619 916 medium
2653 853 3059 935 proferebant,
3080 856 3405 915 ostendens
3422 853 3509 915 eis
3524 857 3681 933 quod

2029 943 2230 1003 omnia
2252 945 2355 1005 illa
2377 944 2562 1023 ﬁgura
2587 945 2805 1006 fuerint
2835 952 2892 1004 et
2928 943 3159 1017 umbra,
3213 961 3343 1023 qua:
3381 951 3575 1004 autem
3609 940 3682 1003 ab

2026 1030 2157 1112 ipso
2187 1051 2345 1096 nunc
2378 1032 2859 1106 iutroducuntur,
2898 1034 3114 1094 veritas
3145 1033 3262 1092 sint
3290 1053 3303 1093 :
3340 1034 3469 1111 ejus
3498 1035 3684 1110 gratia

2028 1120 2154 1181 haec
2181 1120 2347 1197 dicit,
2382 1131 2440 1181 et
2470 1121 2797 1201 spiritualis
2850 1121 2968 1183 cibi
3030 1121 3394 1182 mentionem
3435 1122 3573 1182 facit
3621 1131 3682 1181 ut

2025 1207 2203 1271 faciat
2235 1230 2337 1272 eos
2392 1230 2427 1271 a
2479 1212 2868 1273 sensibilibus
2924 1211 3295 1292 aliquantum
3347 1228 3677 1291 emergere,

2028 1307 2533 1382 contemnereque
2564 1303 2783 1380 ﬁguras
2815 1311 2873 1362 et
2901 1302 3235 1383 umbras,et
3264 1318 3578 1362 accurrere
3607 1304 3677 1360 ad

2026 1388 2481 1452 veritatem.Sed
2499 1390 2586 1451 illi
2600 1410 2736 1452 cum
2752 1390 2899 1451 nihil
2921 1390 3505 1469 possentintelligere
3520 1391 3677 1470 quod

2030 1494 2207 1558 supra
2232 1497 2497 1552 sensum,
2537 1480 2813 1542 meliores
2845 1500 2961 1541 non
2995 1481 3164 1560 ﬁunt,
3192 1479 3296 1541 sed
3318 1479 3505 1558 magis
3524 1479 3679 1540 resi-

2029 1565 2204 1639 liunt,
2242 1578 2300 1630 et
2331 1569 2536 1631 dicunt
2563 1589 2576 1633 :
2611 1595 2633 1627 ιι
2671 1572 2864 1633 Durus
2895 1580 2981 1631 est
3015 1589 3210 1632 sermo
3243 1571 3398 1644 hic,»
3427 1572 3539 1631 hoc
3563 1578 3674 1645 est,

2028 1676 2224 1738 asper,
2260 1667 2317 1719 et
2338 1659 2435 1739 qui
2458 1660 2682 1741 suscipi
2700 1670 2989 1740 nequeat.
3017 1658 3165 1731 Quis
3197 1659 3357 1721 enim
3381 1678 3515 1720 cum
3538 1677 3674 1721 car»

2028 1746 2179 1807 natis
2209 1748 2305 1819 sit,
2344 1756 2544 1828 posset
2590 1750 2894 1829 suscipere
2938 1749 3311 1829 spiritualem
3364 1748 3588 1829 cibum,
3618 1757 3677 1809 et

295 1842 684 1929 ἀπαράδεκτος.
745 1846 835 1907 Τίς
891 1847 992 1925 γὰρ
1046 1836 1440 1929 σαρκικὸςνῶν,
1497 1846 1708 1905 δύναται
1751 1836 1940 1926 -παραέ

2032 1852 2240 1916 panem
2273 1837 2371 1916 qui
2402 1836 2477 1897 de
2509 1839 2657 1899 cmlo
2689 1838 3019 1912 descendit,
3055 1846 3373 1900 etcarnem
3406 1856 3537 1917 qua;
3564 1856 3672 1899 co-

293 1928 533 1997 δέξασθαι
591 1934 958 2008 πνευματικὴν
1040 1938 1262 2014 τροφὴν,
1324 1925 1434 1994 καὶ⁷
1467 1935 1623 2015 ἄρτον
1682 1936 1734 2003 ἐξ
1788 1925 1944 2016 οὖρα·-

2032 1925 2315 2016 meditur‘!
2342 1926 2477 1987 {397
2502 1926 2751 1998 Quando
2779 1936 2977 1988 autem
3010 1927 3178 1988 audis
3208 1925 3368 2016 quod
3398 1926 3674 2006 discipuli

356 2027 378 2037 ν
577 2019 608 2047 ρ
1112 2026 1124 2047 ι
1457 2026 1468 2042 υ
1504 2014 1511 2015 ί
1657 2018 1671 2037 τ
1853 2014 1860 2016 ⁷

292 2042 383 2077 νου
438 2023 843 2100 καταοαίνοντα,
904 2026 991 2080 καὶ
1063 2047 1230 2105 σαρκα
1259 2026 1620 2103 ἐσθιομενην;
1676 2025 1841 2084 Ὀταν
1886 2023 1941 2080 δὲ

2032 2014 2155 2094 ejus
2184 2016 2493 2091 recedunt,
2527 2036 2602 2078 ne
2646 2016 3013 2078 intellexeris
3054 2034 3155 2077 eos
3210 2015 3311 2096 qui
3363 2034 3497 2077 vere
3535 2026 3673 2076 sunt

296 2108 552 2187 ἀκούσῃς,
619 2110 699 2168 ὅτι
762 2113 809 2167 οἱ
880 2115 1113 2187 μαθηταὶ
1186 2115 1342 2173 αὐτοῦ
1432 2113 1803 2191 ἀπεπήδησαν,
1865 2115 1942 2189 μὴ

294 2200 418 2262 τοὺς
473 2197 637 2266 ὄντως
693 2203 933 2276 μαθητὰς
993 2204 1220 2284 νοήσῃς,
1281 2203 1416 2263 ἀλλὰ
1473 2205 1595 2270 τοὺς
1638 2206 1711 2270 εἰς
1793 2203 1945 2269 τάξιν

301 2291 554 2364 μαθητῶν
611 2290 753 2364 αὐτῷ
825 2289 1267 2371 ἀκολουθοῦντας,
1327 2294 1415 2349 καὶ
1471 2300 1549 2367 τῷ
1646 2294 1948 2369 φαινομένῳ

298 2379 445 2453 μόνῳ
489 2379 1013 2460 σχηματιζομένους,
1046 2379 1126 2437 ὅτι
1179 2379 1510 2439 διδάσκονται
1582 2380 1708 2462 παρ’
1765 2386 1944 2443 αὐτοῦ.

298 2468 394 2525 Καὶ
435 2468 535 2546 γὰρ
592 2467 645 2526 ἐν
714 2481 834 2534 τοῖς
904 2474 1171 2544 μαθηταῖς
1232 2471 1368 2539 ἦσάν
1411 2493 1572 2551 τινες,
1608 2472 1686 2545 0'2',
1738 2472 1808 2535 ὡς
1853 2470 1947 2546 μὲν

296 2558 428 2634 πρὸς
483 2559 574 2613 τὸν
630 2556 797 2637 ὄχλον
856 2560 1281 2639 συγκρινόμενοι,
1356 2560 1605 2640 ἐλέγοντο
1636 2562 1794 2619 αὺτοῦ
1840 2582 1948 2635 μα-

296 2646 471 2712 θηταί⁸
534 2647 828 2727 παρέμενον
878 2649 978 2727 γὰρ
1051 2649 1192 2724 αὐτῷ
1244 2649 1464 2707 πλείονα
1529 2652 1736 2729 καιρὸν,
1811 2649 1947 2730 ἢπερ

300 2737 347 2791 οἱ
408 2733 591 2815 ὃχλοι⁶
652 2738 726 2801 ὡς
783 2734 835 2791 δὲ
880 2739 1010 2815 πρὸς
1054 2740 1176 2802 τοὺς
1207 2737 1489 2809 ἀλήθινοὺς
1520 2744 1676 2798 αὐτοῦ
1706 2740 1947 2814 μαθητὰς

296 2821 791 2901 παρεξεταζόμενοι,
870 2822 1074 2892 οὐδενὸς
1131 2826 1265 2894 ἦσαν
1310 2826 1466 2908 ἂξιοι,
1503 2826 1593 2883 ἅτε
1647 2830 1776 2907 πρὸς
1820 2848 1947 2883 και-

298 2915 388 2990 ρὶν
446 2912 821 2979 πιστεύσαντες
880 2917 1044 2990 αὐτῷ,
1119 2917 1205 2972 καὶ
1239 2916 1344 2972 ἀπὸ
1389 2921 1624 2996 ψυχρᾶς,
1659 2916 1734 2972 ἵν’
1780 2914 1947 2979 οὕτως

298 3000 464 3075 εἴπω,
533 3006 881 3083 θερμότητος,
927 3001 1074 3083 ’Ὅρα
1130 3002 1183 3060 δὲ
1212 3006 1485 3072 ἀνοησίαν,
1521 3006 1652 3062 Δέον
1679 3006 1779 3085 γὰρ
1808 3005 1941 3083 ἐρω-

2026 2102 2436 2186 discipuli,sed
2471 2124 2574 2166 eos
2603 2107 2699 2186 qui
2733 2105 3139 2186 sequebantur
3170 2108 3225 2165 in
3251 2104 3461 2166 ordine
3490 2104 3673 2167 disci-

2028 2192 2327 2272 pulorum,
2363 2203 2421 2255 et
2466 2193 2819 2256 videbantur
2866 2196 3111 2273 ﬁguram
3167 2194 3407 2275 quidem
3466 2212 3675 2273 gerere

2030 2281 2486 2363 discipulorum,
2532 2302 2666 2345 cum
2716 2284 3075 2345 docerentur
3119 2283 3191 2344 ab
3218 2302 3318 2347 eo.
3351 2281 3581 2345 Etenim
3617 2292 3673 2346 et

2029 2368 2188 2431 inter
2219 2371 2547 2452 discipulos
2591 2382 2757 2434 erant
2809 2373 3074 2454 quidam,
3120 2372 3221 2452 qui
3270 2374 3341 2433 ad
3387 2372 3671 2447 reliquam

2032 2460 2264 2522 turbam
2298 2462 2489 2523 collati
2515 2461 2865 2523 dicebantur
2887 2463 3015 2542 ejus
3047 2461 3675 2542 discipuli(manebant

2031 2547 2190 2609 enim
2223 2552 2374 2629 apud
2409 2569 2543 2610 eum
2572 2549 2842 2629 longiore
2873 2560 3141 2632 tempore
3173 2569 3347 2631 quam
3365 2549 3673 2630 turbae),ad

2029 2636 2178 2698 alios
2209 2647 2404 2701 autem
2439 2658 2610 2701 veros
2660 2640 2983 2720 discipulos
3012 2640 3233 2714 collati,
3269 2640 3486 2700 nullius
3507 2650 3675 2701 erant

2031 2728 2344 2809 momenti,
2382 2746 2451 2791 eo
2477 2729 2634 2809 quod
2665 2731 2737 2791 ad
2770 2740 3002 2809 tempus
3024 2728 3346 2790 credebant
3379 2729 3458 2809 ei,
3484 2737 3543 2791 et
3563 2728 3671 2789 fri-

2028 2814 2168 2893 gido
2198 2819 2451 2896 quodam
2485 2822 2679 2895 (utsic
2700 2818 2917 2898 dicam)
2940 2820 3157 2880 calore.
3186 2817 3333 2880 Vide
3353 2827 3551 2880 autem
3580 2819 3668 2878 in-

2030 2904 2344 2984 sipientem
2375 2906 2636 2969 illorum.
2686 2905 2828 2969 Nam
2872 2907 3169 2968 debebant
3216 2907 3583 2985 interrogare
3615 2917 3673 2969 et

2030 2994 2262 3055 discere
2295 3012 2362 3055 ea
2385 3013 2516 3075 qua:
2540 2996 2930 3074 ignorabant:
2976 3005 3034 3057 at
3083 2996 3166 3056 illi
3217 2996 3584 3073 resiliebant,
3613 3008 3673 3060 et

302 3095 485 3171 τῆσαι,
517 3093 605 3149 καὶ
633 3095 824 3168 μαθεῖν
876 3094 941 3149 τὰ
990 3093 1343 3172 ἀγνοούμενα,
1418 3095 1465 3152 οἱ
1511 3092 1567 3151 δὲ
1609 3083 1946 3168 ἀποπὴδῶσι,

2035 3083 2183 3172 nihil
2206 3083 2591 3172 spiritualiter
2618 3084 3019 3166 exponebant,
3055 3085 3157 3146 sed
3189 3085 3390 3147 omnia
3420 3096 3482 3147 ut
3500 3087 3672 3150 vide-

299 3180 387 3236 καὶ
445 3178 592 3236 οὒδὲν
643 3187 1015 3258 πνευματικῶς
1071 3180 1517 3259 ἐκλαμϐάνονται,
1587 3183 1723 3241 ἀλλὰ
1776 3184 1949 3241 πάντα

2034 3171 2421 3234 bantur.Nam
2443 3174 2584 3253 quia
2604 3193 2842 3237 carnem
2864 3175 3197 3250 audierant,
3207 3174 3490 3252 putabant
3512 3178 3669 3258 quod

298 3268 435 3327 κατᾶ
504 3271 565 3327 τὸ
634 3271 967 3351 φαινόμενον,
1026 3270 1175 3329 Ἐπεὶ
1233 3274 1333 3352 γὰρ
1365 3272 1532 3353 σάρκα
1561 3272 1776 3354 ἤκουον,
1822 3274 1945 3329 ivd-

2034 3279 2138 3323 eos
2168 3271 2402 3340 cogeret
2438 3264 2638 3324 carnis
2680 3271 2740 3325 et
2770 3264 3075 3341 sanguinis
3104 3264 3229 3327 ﬁeri
3260 3264 3668 3330 devoratores.

301 3364 478 3433 μιζον,
534 3350 655 3417 ὅτιί
699 3362 1065 3442 σαρκοφάγους
1124 3350 1313 3426 αὐτους
1381 3350 1662 3441 ἀναγκάζει
1710 3350 1946 3442 γενέσθαι

2032 3350 2183 3425 Quia
2212 3359 2409 3412 autem
2464 3369 2581 3413 non
2609 3351 2997 3432 spiritualiter
3023 3350 3431 3433 intelligimus,
3473 3373 3669 3437 neque

300 3447 389 3503 καὶ
431 3445 766 3529 αἱμοϐόρους.
826 3453 886 3508 Οί
919 3448 972 3507 δὲ
1032 3458 1406 3527 πνευματικῶς
1464 3458 1701 3516 νοοῦντες
1758 3452 1944 3527 ἡμεῖς,

2033 3442 2301 3503 carnium
2332 3450 2631 3502 voratores
2660 3461 2769 3503 nos
2799 3461 3028 3523 sumus,
3060 3442 3181 3503 imo
3230 3445 3673 3509 sanctiﬁcamur

300 3535 417 3595 οὔτε
505 3538 828 3618 σαρκοφάγοι
898 3539 1078 3616 ἐσμὲν,
1153 3542 1242 3597 καὶ
1341 3539 1546 3616 μᾶλλον
1632 3541 1946 3620 ἀγιαζόμεθα

2035 3547 2142 3620 per
2164 3534 2339 3594 talem
2372 3534 2821 3597 cibum.Volens
2843 3546 3039 3595 autem
3062 3536 3376 3597 ostendere
3397 3538 3485 3598 eis
3515 3539 3668 3620 qu‘od

299 3622 384 3685 διὰ
433 3630 535 3694 τῆς
588 3628 836 3695 τοιαὺτης
894 3633 1118 3709 τροφῆς.
1197 3628 1377 3686 Θέλων
1429 3628 1484 3686 δὲ
1544 3619 1711 3695 δεῖξαι
1744 3632 1946 3701 αὐτοῖς,

2033 3619 2186 3684 sicut
2216 3623 2372 3684 Deus
2401 3624 2549 3685 nihil
2582 3625 2994 3705 ignoret,quod
3027 3626 3074 3685 si
3103 3628 3166 3686 in
3193 3626 3474 3687 cordibus
3503 3619 3669 3709 ipso-

301 3712 383 3771 ὅτι
436 3717 509 3779 ὡς
542 3718 670 3772 Θεὸν
700 3714 846 3774 οόδὲν
875 3720 1033 3778 αὐτὸν
1074 3717 1316 3776 λανθάνει
1350 3724 1456 3775 τῶν
1485 3719 1539 3776 ἐν
1567 3732 1691 3785 ταῖς
1716 3716 1946 3793 καρδίαις

2032 3728 2190 3790 rum,
2221 3715 2406 3776 dicit:
2450 3743 2469 3773 ι
2500 3716 2623 3779 lioc
2665 3736 2763 3779 vos
2802 3717 3095 3779 offendit?
3146 3742 3172 3773 ι
3227 3718 3377 3790 Quid
3409 3720 3591 3798 igitur
3622 3721 3672 3782 si

302 3805 496 3878 αὐτῶν,
572 3805 721 3887 φησί·
777 3825 809 3867 (
871 3806 1034 3865 Τοῦτο
1091 3808 1227 3884 ὗμᾶς
1300 3805 1680 3883 σκανδαλίζει;
1729 3828 1760 3867 )
1825 3808 1948 3865 Ἐὰν

304 3890 393 3950 οὗν
450 3891 604 3963 ἴδητε
663 3896 736 3959 είς
794 3897 1012 3974 οὖρανὸν
1070 3897 1435 3977 ἀνερχόμενον
1480 3896 1605 3973 ἐμὲ,
1640 3900 1730 3953 τὸν
1759 3896 1949 3977 φαινό-

304 4002 461 4057 μενον
514 3985 633 4065 Ῑῖἱὸν
703 3983 998 4063 ἀνθρώπου,
1070 3986 1202 4043 ὅπου
1277 3987 1347 4052 ἦν
1426 3987 1486 4042 τὸ
1561 3987 1813 4065 πρότερον
1875 3987 1950 4049 ὣς

2030 3800 2299 3867 videritis
2319 3807 2742 3868 ascendentem
2767 3808 2826 3868 in
2849 3808 3063 3870 caelum
3098 3825 3217 3887 me,
3242 3808 3341 3887 qui
3372 3810 3542 3871 vobis
3569 3811 3671 3873 Fi-

2031 3887 2148 3952 lius
2192 3894 2450 3956 hominis
2509 3914 2641 3958 esse
2698 3896 2924 3976 videor,
2958 3895 3059 3957 ubi
3108 3914 3268 3958 eram
3330 3897 3492 3977 prius
3521 3900 3675 3963 sicut

2032 3977 2218 4045 Deus?
2246 3981 2388 4045 Nam
2423 3987 2548 4064 ipse
2589 3985 2857 4046 ascendit
2901 3994 2964 4046 ut
2997 3985 3197 4057 homo,
3234 3985 3333 4047 ubi
3363 3996 3490 4049 erat
3512 3990 3676 4069 prius

305 4072 487 4147 Osric;
542 4061 600 4130 Ὀ
646 4073 745 4153 γὰρ
800 4061 956 4137 αὐτὸς
1011 4072 1273 4132 ἀναϐαίνει
1332 4076 1407 4137 ὡς
1469 4061 1762 4155 ἄνθρωπος,
1819 4073 1946 4130 ὅπου

2034 4079 2098 4159 ut
2124 4069 2302 4132 Deus.
2328 4061 2671 4134 Hoc'auteui
2706 4073 2857 4134 dixit
2906 4091 2968 4133 ut
3009 4074 3262 4136 abducat
3302 4094 3405 4137 eos
3431 4061 3671 4159 εώόρὶ-

300 4162 370 4228 ἦν
440 4161 502 4217 τὸ
553 4163 806 4242 πρότερον
850 4165 923 4227 ὡς
974 4165 1130 4229 Θεός.
1163 4171 1326 4223 Τοῦτο
1363 4164 1417 4221 δὲ
1448 4169 1621 4240 εἶπεν,
1656 4163 1749 4222 ’ίνα
1803 4164 1946 4221 ἀπα-

2034 4158 2234 4235 nione,
2269 4180 2383 4242 qua
2409 4163 2690 4242 putabant
2719 4182 2853 4224 eum
2886 4162 3076 4224 ﬁlium
3099 4182 3232 4226 esse
3261 4166 3505 4247 Joseph.
3528 4166 3673 4230 Nam

302 4250 446 4329 γάγῃ
477 4252 664 4332 αύτοὺς
695 4252 802 4309 ἀπὸ
857 4262 950 4311 τοῦ
1008 4254 1238 4331 νομίζειν
1283 4254 1438 4311 αὑτὸν
1496 4255 1640 4312 εἶναι
1665 4256 1772 4310 υτὸν
1830 4252 1946 4310 Ἰω-

2034 4248 2132 4329 qui
2150 4252 2345 4313 credit
2370 4253 2528 4332 quod
2560 4252 2620 4313 in
2652 4251 2800 4314 c0310
2824 4265 2951 4313 erat
2977 4252 3164 4332 prius,
3197 4254 3442 4316 omnino
3473 4266 3678 4319 credet

505 4328 563 4396 Ὀ
616 4341 737 4431 Δγὰρ
790 4328 1107 4431 πιστεύσας,
1167 4342 1247 4399 ὅτι
1302 4343 1355 4400 ἐν
1399 4347 1602 4422 οὖρανῷ
1628 4343 1692 4411 ἧν
1720 4345 1782 4431 το
1812 4343 1946 4423 πρό-

2033 4355 2169 4431 eum
2193 4328 2405 4431 neque
2426 4342 2648 4431 Joseph
2682 4358 2830 4431 esse,
2851 4328 3055 4415 lilium,
3100 4328 3202 4403 sed
3244 4342 3373 4417 Dei,
3408 4356 3465 4405 et
3496 4346 3674 4408 ﬁdem

300 4448 475 4508 τερον,
555 4428 765 4493 πάντως
844 4427 1011 4501 δήπου
1108 4432 1373 4489 πιστεὺσει
1459 4434 1613 4489 αὐτὸν
1668 4429 1803 4507 μηδὲ
1858 4437 1946 4489 τοῦ

2032 4426 2275 4489 habebit
2298 4429 2401 4505 iis,
2436 4448 2566 4510 quae
2591 4430 2665 4491 ab
2696 4450 2766 4492 eo
2802 4429 3104 4493 dicuntur.
3140 4434 3285 4492 Cum
3335 4443 3536 4496 autem
3566 4453 3672 4496 au-

304 4512 503 4596 Ἰωσήφ
557 4518 668 4573 υἱὸν
724 4522 889 4594 εἶναι,
943 4518 1081 4577 ἀλλὰ
1137 4514 1230 4578 τοῦ
1302 4528 1453 4577 Θεοὺ”
1488 4522 1575 4577 καὶ
1604 4518 1792 4577 λοιπὸν
1816 4533 1946 4577 πεῖ-

2032 4515 2219 4580 dieris
2244 4519 2398 4599 quod
2431 4520 2617 4581 Filius
2655 4519 2914 4581 hominis
2946 4530 3069 4581 erat
3098 4520 3159 4581 in
3210 4521 3361 4582 caelo
3391 4542 3554 4602 prius
3603 4545 3678 4587 ne

302 4608 550 4677 σθῆσεται
622 4621 738 4673 τοῖς
808 4608 937 4687 παρ’
990 4610 1148 4667 αὖτοῦ
1204 4608 1538 4689 λεγομένοις.
1600 4607 1839 4666 Ἀκούων
1868 4608 1944 4684 δὲ,

2032 4615 2204 4687 putes
2217 4610 2371 4689 quod
2393 4628 2460 4670 ex
2484 4609 2633 4671 ccelo
2651 4610 3033 4671 descenderit
3051 4615 3681 4691 corpus,utMarcellus

302 4696 381 4752 ὃτι
439 4698 468 4752 δ
543 4698 662 4761 Υἱὸς
691 4703 784 4755 τοῦ
825 4697 1098 4778 ἀνθρώπου
1132 4700 1188 4755 ἐν
1217 4701 1422 4779 ούρανῷ
1451 4703 1518 4768 ἦν
1559 4700 1621 4757 τὸ
1672 4699 1946 4776 πρότερον,

2032 4703 2089 4756 et
2113 4696 2510 4778 Apollinarius
2540 4699 2949 4759 hmresiarchze
2978 4698 3304 4761 delirarunt
3332 4718 3347 4764 :
3383 4702 3489 4763 sed
3540 4706 3680 4784 quia

303 4786 382 4862 μὴ
433 4785 609 4860 νόμιζε
681 4784 761 4843 ὅτι
836 4785 887 4852 ἐξ
942 4789 1159 4867 οὖρανοῦ
1215 4785 1417 4856 κατέϐη
1470 4789 1529 4845 τὸ
1581 4795 1739 4863 σῦμα
1777 4791 1946 4865 (τοῦτο

2032 4804 2185 4847 unus
2215 4799 2274 4850 et
2303 4787 2461 4849 idem
2494 4797 2619 4851 erat
2646 4788 2825 4850 Filius
2846 4788 3197 4865 hominis,et
3218 4788 3373 4852 Deus
3393 4791 3675 4870 Verbum,

303 4875 403 4953 γὰρ
485 4872 793 4953 Μαρκέλλου
871 4883 962 4935 τοῦ
1044 4879 1384 4959 αἱρεσιάρχου
1440 4878 1531 4935 καὶ
1582 4874 1946 4956 Ἀπολιναρίου

2034 4875 2274 4951 dicitur,
2306 4876 2458 4939 sicut
2491 4871 3105 4953 dixim‘us,ascendere
3135 4887 3201 4941 ut
3224 4882 3531 4956 liomo,uhi
3554 4892 3681 4944 erat

304 4964 366 5019 τὸ
439 4962 849 5043 παραλήρημα).
911 4964 1030 5023 ἀλλ’
1101 4965 1285 5036 ἐπειδὴ
1334 4968 1420 5033 ε’ίς
1450 4967 1545 5024 καί
1613 4969 1640 5022 ὁ
1673 4968 1829 5031 αὐτὸς
1884 4966 1946 5034 ἦν

2035 4967 2197 5046 prius
2224 4974 2285 5027 ut
2311 4967 2488 5029 Deus.

312 5053 431 5117 Υἱὸς
489 5059 584 5112 τοῦ
644 5052 919 5133 ἀνθρώπου
974 5058 1062 5115 καὶ
1121 5058 1253 5121 Θεὸς
1307 5057 1502 5135 Λόγος,
1562 5057 1696 5114 καθὰ
1751 5056 2003 5134 εἴπομεν,
2062 5056 2355 5115 ἀναϐαίνειν
2414 5060 2486 5121 ὡς
2532 5056 2825 5138 ἅνθρωπος,
2872 5060 3002 5118 ὅπου
3060 5061 3125 5127 ἧν
3188 5065 3248 5117 τὸ
3302 5063 3553 5141 πρότερον
3606 5066 3678 5126 ὼς

308 5144 460 5207 Θεός,

391 5257 413 5291 α
467 5234 539 5291 Τὸ
604 5236 808 5310 πνεῦμα
829 5234 938 5291 ἐστι
969 5238 1031 5293 τὸ
1056 5242 1369 5307 ζωοποιοῦν⁶
1417 5240 1453 5308 ἦ
1484 5236 1609 5316 σὰρξ
1655 5238 1748 5294 οὒκ
1803 5237 1949 5318 ὢφεο

304 5322 393 5379 λετ
442 5319 610 5385 οὗδὲν.
685 5324 761 5381 Τὰ
812 5323 1026 5404 ῥήματα
1099 5324 1133 5381 ἂ
1186 5325 1296 5403 ἆγὼ
1338 5324 1487 5382 λαλῶ
1534 5328 1688 5402 ὑμῖν,
1744 5324 1950 5401 πνεῦμά

306 5411 416 5468 ἰστι
472 5412 560 5469 καὶ
612 5414 726 5484 ζωή
751 5411 914 5476 ἔστιν,
994 5412 1141 5471 Ἀλλ’
1192 5415 1290 5470 εἰσί
1358 5435 1495 5479 τινες
1527 5412 1579 5479 ἐξ
1635 5416 1783 5491 ὑμῶν
1811 5414 1867 5472 οἵ
1891 5416 1950 5472 οὖ

305 5523 659 5567 πιστευουσιν,
719 5492 885 5574 ’ᾘδει
945 5505 1045 5585 γὰρ
1129 5503 1182 5571 ἐξ
1256 5503 1428 5585 ἀρχῆς
1458 5507 1487 5562 ὁ
1519 5504 1747 5579 Ἰησοῦς,
1810 5526 1948 5570 τινες

304 5592 430 5647 εἰσίν
501 5595 547 5648 oi
610 5592 687 5668 μὴ
759 5595 1116 5657 πιστεύοντες.
1166 5595 1253 5651 καὶ
1285 5595 1357 5659 τίς
1391 5596 1532 5650 ἔστιν
1565 5597 1591 5651 ὁ
1626 5591 1951 5675 παραδώσων

304 5682 481 5740 αὐτόν.
550 5708 570 5740 υ
637 5682 886 5760 Ἐπειδὴ,
947 5686 1021 5748 ὡς
1089 5684 1348 5748 πολλάκις
1403 5683 1654 5767 εἴπομεν,
1690 5687 1951 5763 σαρκικιῦς

2115 5237 2290 5299 Vens.
2317 5237 2415 5313 64,
2440 5237 2541 5301 65.
2576 5262 2594 5292 ι
2627 5236 2885 5318 Spiritus
2930 5246 3021 5301 est
3068 5239 3169 5319 qui
3219 5239 3501 5316 viviﬁcat,
3542 5260 3678 5304 caro

2034 5343 2153 5388 non
2176 5326 2418 5406 prodest
2441 5326 2788 5407 quidquam.
2824 5328 3025 5393 Verba
3053 5347 3186 5409 quae
3209 5347 3316 5408 ego
3339 5329 3553 5410 loquor
3582 5349 3681 5391 vo—

2034 5412 2149 5491 bis,
2170 5415 2416 5496 spiritus
2447 5425 2506 5477 et
2527 5415 2643 5477 vita
2665 5417 2949 5479 sunt.Sed
2981 5426 3122 5479 sunt
3149 5418 3386 5499 quidam
3419 5438 3486 5481 ex
3516 5418 3681 5481 vobis

2030 5504 2133 5586 qui
2165 5525 2284 5566 non
2307 5506 2574 5568 credunt.
2606 5503 2856 5569 Noverat
2878 5507 3036 5569 enim
3073 5506 3146 5568 ab
3173 5506 3555 5583 initioJesus,
3579 5508 3681 5590 qui

2033 5604 2233 5657 essent
2280 5612 2400 5657 non
2441 5595 2783 5679 credentes,
2846 5607 2905 5660 et
2957 5598 3088 5679 quis
3140 5598 3481 5677 proditurus
3526 5608 3684 5663 esset

2033 5684 2250 5764 ipsum.
2291 5710 2318 5741 ι
2350 5682 2666 5766 Quoniam,
2720 5694 2789 5755 ut
2830 5705 2988 5770 sape
3028 5686 3306 5764 diximus,
3367 5689 3684 5753 carnaliter
