4116 6318
483 336 633 399 1315

1441 331 2032 398 THEOPHYLACTI
2077 329 2484 393 BULGARIIE
2525 325 2883 392 ARCHIEP.

3715 335 3890 400 1316

473 479 834 551 exponentes
865 487 934 530 ea
959 488 1090 550 quae
1121 468 1472 530 dicebantur
1494 486 1527 527 a
1556 465 1812 544 Christo,
1845 464 2105 526 offende-

2199 459 2624 551 ixhpﬁévowe:
2691 463 2756 522 τά
2831 461 3096 542 λεγόμενα
3187 467 3329 546 παρά
3409 474 3504 525 τοῦ
3606 476 3879 547 Χριστοῦ,

474 560 706 632 bantur,
751 559 894 620 dicit
928 557 1082 639 quod
1117 557 1515 638 Spiritualiter
1539 555 1866 633 intelligere
1889 573 1960 615 ea
1989 572 2121 634 quas

471 649 748 710 dicuntur
783 668 816 709 a
854 667 968 716 me,
1026 649 1134 708 hoc
1183 647 1372 706 solum
1408 645 1683 726 prodest;
1721 663 1858 704 caro
1891 653 2112 708 autem.

473 740 585 799 hoc
617 737 1050 810 est,carnaliter
1073 735 1174 795 illa
1197 741 1517 812 exponere,
1547 733 1689 792 nihil
1720 731 1978 811 prodest,
2010 729 2118 791 sed

472 827 811 889 oﬂ'endiculi
843 825 1072 886 occasio
1102 825 1184 887 ﬁt.
1225 823 1317 885 Sic
1353 824 1532 899 igitur
1563 823 1648 882 illi
1669 823 1764 901 qui
1797 821 2117 882 carnaliter

468 915 786 977 audiebant
801 934 930 995 quae
951 933 982 974 a
1005 913 1238 974 Christo
1256 908 2109 983 dicebantur,otieudebantur.

472 1003 680 1068 Subdit
699 1005 896 1084 igitur,
914 1002 1140 1064 «Verba
1163 1022 1290 1082 qua
1307 1020 1413 1079 ego
1433 999 1911 1080 loquor,spiritus
1923 1018 1991 1059 su
2003 1008 2081 1071 nt,
2097 1046 2113 1073 ,

470 1095 581 1156 hoc
603 1103 713 1167 est,
747 1092 1074 1174 spiritualia
1101 1101 1298 1164 sunt,-
1333 1099 1394 1151 et
1427 1089 1560 1160 vita,
1597 1088 1740 1149 nihil
1763 1088 1999 1148 carnale
2017 1088 2116 1147 ha-

471 1183 691 1262 bentia,
745 1193 800 1243 et
851 1181 1018 1243 vitam
1072 1180 1376 1241 aﬂ'erentia
1423 1189 1701 1239 mternam
1782 1175 2115 1239 Ostendens

467 1283 661 1335 autem
690 1272 924 1333 deitatis
953 1289 1085 1331 esse
1111 1269 1482 1346 dignitatem,
1517 1266 1780 1328 revelare
1825 1285 1959 1346 quae
2005 1285 2113 1328 oc-

468 1361 625 1422 culta
655 1369 810 1435 sunt,
837 1359 981 1420 dicit
1007 1359 1077 1419 ad
1112 1377 1212 1420 eos
1250 1380 1262 1418 :
1304 1384 1328 1412 α
1364 1359 1511 1418 Sunt
1540 1356 1780 1436 quidam
1831 1374 1901 1416 ex
1953 1355 2115 1416 vobis

467 1450 567 1531 qui
601 1467 716 1514 non
740 1448 1012 1511 credunt.
1043 1473 1068 1501 ιδ
1106 1447 1322 1508 Dicens
1351 1453 1578 1514 autem,
1615 1470 1638 1499 α
1675 1445 2113 1524 quidam-dis-

465 1539 693 1620 cipulos
724 1538 976 1617 excepit.
1013 1536 1154 1598 598
1187 1537 1258 1598 Et
1281 1534 1636 1613 evangelista
1667 1535 1868 1594 volens
1905 1542 2108 1594 osten-

465 1627 610 1690 dere
638 1629 796 1705 quod
827 1627 899 1688 ab
931 1625 1095 1686 initio
1129 1625 1332 1686 mundi
1355 1625 1553 1685 omnia
1573 1622 2108 1702 cognoverit,dicit:

2200 550 2654 627 ἐσκανδαλίζοντο,
2717 553 2897 632 φησὶν,
2959 553 3063 631 ὅτι,
3144 557 3214 614 Τὸ
3295 565 3664 633 πνευματικῶς
3716 573 3882 616 νοεῖν

2198 642 2261 698 τὰ
2342 640 2608 720 λεγόμενα
2679 639 2804 720 παρ’
2874 645 3027 724 ὶμοῦ,
3091 645 3243 703 τοῦτό
3300 645 3497 704 ἔστιτὸ
3527 647 3797 727 ὠφελοῦν·
3833 651 3877 717 ἡ

2199 729 2253 786 δὲ
2310 731 2460 810 σὰρξ,
2519 731 2781 811 τουτέστι,
2842 734 2904 789 τὸ
2987 738 3249 813 σαρκικῶς
3321 736 3452 792 αὐτὰ
3523 734 3873 817 ἐκδέχεσθαι,

2201 818 2348 878 οὒδὲν
2402 819 2630 900 ὠφελεῖ,
2717 819 2854 876 ἀλλὰ
2956 821 3250 880 σκανδάλου
3330 825 3547 906 ἀφορμή
3627 827 3872 904 γίνεται.

2198 907 2347 965 Οὕτω
2415 906 2482 976 δὴ
2561 910 2708 965 αύτοὶ
2765 919 3033 987 σαρκικὼς
3080 912 3359 979 ἀκούοντες
3397 920 3502 970 τῶν
3543 918 3685 994 παρὰ
3718 923 3870 992 Χρι-

2199 1005 2322 1054 στοῦ
2377 995 2707 1078 λεγομένων,
2770 997 3225 1072 ὶσκανδαλίζοντο.
3262 1001 3538 1084 Ἐπιφέρει
3581 1005 3691 1081 οὖν,
3745 1003 3870 1080 ὅτι,

2203 1105 2232 1145 (
2290 1088 2365 1144 Τὰ
2429 1088 2667 1164 ῥήματα,
2729 1087 2765 1143 ἅ
2848 1088 2957 1167 έγὼ
2986 1088 3160 1172 λαλῶ,
3191 1094 3395 1150 πνεῦμά
3438 1093 3573 1169 ἐστι,
3608 1113 3638 1154 ι
3688 1116 3865 1151 τουτ-

2198 1177 2329 1242 έστι,
2391 1177 2722 1251 πνευματικά
2777 1176 2912 1252 έστι,
2981 1204 3008 1234 ι
3083 1181 3170 1236 καὶ
3218 1181 3330 1253 ζωὴ
3386 1181 3550 1261 ἔστιν,
3598 1201 3628 1243 ι
3705 1182 3870 1242 οὐδὲν

2196 1263 2395 1344 [χοντα
2453 1269 2727 1344 σαρκικὸν,
2797 1269 2883 1324 καὶ
2952 1269 3092 1340 ζωὴν
3191 1270 3535 1350 προξενοῦντα
3611 1273 3862 1338 αἰώνιον,

2201 1355 2464 1411 Δεικνύων
2505 1353 2560 1410 δὲ
2606 1357 2668 1412 τὸ
2739 1362 2834 1423 τῆς
2881 1358 3133 1426 θεότητος
3192 1360 3422 1437 ἀξίωμα,
3466 1362 3526 1418 τὸ
3571 1361 3863 1419 ἁποκαλύ-

2198 1465 2346 1500 πτειν
2395 1446 2532 1524 ιρημὶ
2603 1445 2670 1500 τὰ
2725 1447 3088 1525 κεκρυμμένα,
3146 1451 3276 1530 φησὶ
3328 1453 3460 1530 πρὸς
3520 1452 3734 1528 αὐτοὺς,
3768 1451 3862 1510 δτι

2203 1554 2227 1590 α
2294 1535 2403 1590 Εἰσί
2458 1555 2599 1599 τινες
2657 1532 2709 1600 ἐξ
2763 1536 2935 1616 ὑμῶν,
2992 1539 3044 1593 οἳ
3079 1539 3140 1595 οὖ
3197 1542 3555 1600 πιστεύουσιν.
3607 1564 3634 1598 ι
3673 1543 3860 1600 Εἰπὼν

2195 1619 2272 1697 δὲ,
2338 1645 2362 1676 ε
2433 1623 2597 1697 τινὲς,
2635 1647 2664 1679 υ
2698 1625 2818 1689 τοὺς
2863 1627 3105 1696 μαθητὰς
3135 1625 3461 1707 ὑπεξήγαγε,
3494 1632 3593 1687 Καὶ
3624 1633 3652 1687 6
3682 1633 3860 1710 εὐαγ-

470 1717 593 1779 αΑΙ)
619 1718 783 1780 initio
813 1724 1049 1777 noverat
1077 1715 1248 1779 Jesus
1273 1715 1594 1795 quiessent
1624 1733 1742 1774 non
1773 1715 2105 1793 credentes,

2195 1710 2448 1791 γελισ-τὴς
2517 1712 2684 1769 θέλων
2755 1717 2888 1789 ἡμῖν
2968 1713 3156 1792 δεῖξαι,
3216 1719 3296 1774 ὃτι
3353 1721 3455 1801 πρὸ
3540 1718 3862 1789 καταϐολῆς

464 1808 706 1888 insuper
737 1816 794 1867 et
827 1806 1153 1884 proditoris
1208 1805 1491 1865 malitiam
1522 1823 1534 1864 :
1561 1823 1676 1883 quo
1707 1811 1869 1864 certe
1903 1823 2105 1864 mons-

2195 1804 2394 1877 κόσμου
2451 1802 2622 1890 πάντα
2684 1801 2962 1881 ἐγίνωσκε,
2995 1807 3182 1885 φησὶν,
3233 1807 3341 1887 δτι,
3377 1798 3462 1873 Ἐξ
3493 1807 3670 1888 ἀρχῆς
3728 1809 3856 1890 έγί-

467 1897 731 1958 trabatur
777 1895 990 1960 deitas.
1043 1897 1192 1957 Nam
1243 1895 1536 1974 propheta
1592 1893 1782 1972 inquit
1827 1893 1900 1954 de
1932 1894 2052 1955 Deo
2089 1913 2103 1956 :

2194 1913 2390 1948 νωσκεν
2447 1893 2475 1946 6
2529 1889 2757 1968 Ἰησοῦς,
2818 1894 2955 1957 τίνες
3013 1897 3141 1952 εἰσὶν
3220 1899 3266 1952 οἱ
3317 1897 3396 1973 μὴ
3485 1889 3856 1978 πιστεύοντες,

469 2011 495 2041 ι
531 1985 642 2058 Qui
672 1985 895 2047 sciebat
926 1984 1124 2045 omnia
1151 1985 1492 2067 priusquam
1528 1985 1652 2063 ipsa
1683 1981 2032 2043 ﬁerentlﬁm

2194 1980 2266 2038 ἔτι
2317 1978 2371 2036 δὲ
2428 1981 2515 2035 καὶ
2571 1987 2665 2036 τοῦ
2747 1980 3003 2061 προδότου
3060 1987 3155 2054 τὴν
3249 1985 3530 2066 πονηρίαν·
3592 1986 3721 2067 ὅπερ
3777 1988 3853 2056 ἧν

466 2075 692 2142 ἀληθοῦς
735 2078 987 2141 θεότητος
1055 2073 1292 2140 ἔνδειξις,
1359 2065 1416 2132 ’0
1466 2076 1564 2154 γὰρ
1622 2075 1902 2153 προῳήτης
1958 2076 2075 2149 περὶ
2131 2083 2224 2132 τοῦ
2277 2077 2408 2128 Θεοῦ
2466 2092 2627 2151 φησιν
2663 2087 2678 2104 ⁸
2722 2090 2751 2130 α
2809 2064 2868 2130 Ὀ
2928 2072 3074 2139 εἰδὼς
3123 2077 3190 2132 τὰ
3219 2064 3406 2132 πάντα
3434 2077 3556 2156 πρὶν
3586 2064 3854 2155 γενέσεως

461 2167 653 2224 αὐτῶν.
698 2189 719 2221 ε

543 2256 728 2317 Vrsas.
759 2255 972 2316 66-68.
993 2253 1094 2314 cEt
1121 2253 1357 2314 dicebat
1392 2275 1405 2316 :
1431 2256 1749 2333 Propterea
1770 2253 1888 2314 dixi
1920 2252 2108 2328 vobis,

461 2343 618 2424 quod
651 2361 826 2404 nemo
859 2350 1047 2421 potest
1069 2341 1269 2403 venire
1301 2343 1372 2402 ad
1408 2361 1522 2416 me,
1563 2342 1675 2402 nisi
1711 2342 1883 2402 fuerit
1915 2343 1969 2404 ei
2001 2341 2108 2402 da-

465 2441 586 2492 tum
616 2451 649 2492 a
684 2435 853 2493 Patre
884 2450 1039 2494 meo.
1065 2429 1146 2490 Ex
1179 2448 1249 2490 eo
1278 2439 1546 2510 tempore
1592 2431 1758 2490 multi
1783 2431 2111 2511 discipulo-

459 2541 590 2584 rum
616 2524 745 2602 ejus
766 2522 1040 2583 abierunt
1071 2531 1544 2595 retrorsum,nec
1574 2522 1827 2594 amplius
1861 2520 2110 2582 cumillo

461 2611 1030 2674 ambulabant.Dixit
1059 2629 1194 2688 ergo
1228 2613 1396 2672 .lesus
1421 2609 1494 2672 ad
1517 2610 1853 2673 duodecim:
1887 2609 2037 2672 Num
2055 2620 2112 2673 et

466 2719 567 2761 vos
596 2701 768 2761 vultis
798 2699 992 2761 abire?
1029 2726 1052 2755 ι)
1082 2703 1250 2779 Saepe
1284 2701 1558 2772 diximus,
1587 2701 1821 2780 quando
1853 2702 2109 2763 audieris

463 2791 617 2871 quod
650 2793 822 2852 Pater
851 2791 949 2850 dat
981 2792 1157 2850 tidem
1186 2791 1242 2850 in
1268 2789 1504 2863 Filium,
1536 2809 1610 2851 ne
1631 2790 1934 2852 existimes
1954 2791 2106 2871 quod

457 2881 591 2942 aliis
623 2879 955 2940 benefaciat
989 2882 1160 2942 Pater
1205 2898 1352 2959 quos
1411 2888 1707 2960 segreget,
1743 2880 1874 2941 aliis
1911 2889 2104 2942 autem

457 2987 612 3030 non:
651 2971 760 3030 hoc
785 2970 942 3030 enim
977 2969 1195 3046 injuste
1225 2968 1453 3047 agentis
1499 2979 1679 3045 esset;
1713 2970 1817 3030 sed
1851 2972 1967 3031 illis
1996 2970 2104 3030 be-

459 3059 729 3121 nefacere
766 3067 902 3138 puta
935 3061 1192 3133 Patrem,
1227 3068 1287 3118 et
1317 3059 1433 3118 illis
1474 3059 1613 3119 dare
1661 3059 1884 3121 donum
1942 3059 2102 3135 ﬁdei,

2281 2274 2309 2306 ιι
2377 2252 2474 2309 Καὶ
2529 2249 2703 2329 ’έλεγε⁸
2763 2253 2860 2310 Διὰ
2919 2260 3074 2310 τοῦτο
3132 2252 3328 2333 εἴρηκα
3372 2256 3524 2330 ὑμῖν,
3557 2255 3637 2313 ὅτι
3681 2254 3850 2322 οὐδεὶς

2194 2337 2404 2396 δύναται
2479 2338 2652 2396 ἐλθεῖν
2737 2343 2865 2420 πρὸς
2929 2342 3024 2423 μὶ,
3082 2342 3170 2399 ἐὰν
3216 2343 3295 2419 μὴ
3323 2346 3360 2420 ᾗ
3390 2343 3667 2421 δεδομένον
3703 2347 3853 2421 αὐτῷ

2194 2431 2254 2484 kx
2339 2435 2433 2485 τοῦ
2517 2430 2720 2508 Πατρός
2750 2453 2877 2505 μου.
2911 2431 3009 2488 Ἐκ
3035 2432 3220 2489 τούτου
3250 2432 3437 2490 πολλοὶ
3479 2435 3719 2502 ἀπῆλθον
3737 2443 3848 2493 τῶν

2196 2521 2448 2590 μαθητῶν
2508 2521 2667 2577 αὐτοῦ
2723 2520 2797 2582 εἰς
2853 2521 2915 2577 τὰ
2968 2521 3160 2598 ὀπίσω,
3219 2523 3305 2578 καὶ
3361 2523 3456 2579 οὐκ
3478 2522 3553 2580 ἔτι
3585 2525 3703 2601 μετ’
3741 2528 3850 2584 αὖ·

2192 2613 2286 2663 τοῦ
2345 2606 2716 2685 περιεπάτουν.
2794 2608 2932 2665 Εῖπε
2984 2607 3039 2664 δὲ
3100 2612 3127 2665 ὁ
3187 2607 3392 2678 Ἰησοῦς
3457 2626 3577 2676 τοῖς
3615 2611 3844 2670 δώδεκα·

2193 2695 2282 2763 Μὴ
2333 2697 2422 2751 καὶ
2467 2697 2626 2771 ὑμεῖς
2683 2695 2860 2754 θέλετε
2889 2697 3106 2777 ὑπάγειν
3145 2716 3160 2774 ;
3196 2722 3226 2754 ι
3273 2699 3539 2766 Πολλάκις
3589 2701 3846 2783 εἴπομεν,

2190 2783 2272 2841 ὃτι
2320 2785 2446 2842 ὅταν
2507 2787 2766 2863 ἀκούσῃς,
2818 2789 2892 2852 ὡς
2949 2791 2978 2844 6
3033 2789 3214 2868 Πατὴρ
3269 2787 3446 2846 δίδωσι
3476 2792 3574 2859 τὴν
3619 2794 3692 2856 εἰς
3749 2794 3848 2849 τὸν

2195 2876 2314 2931 Υίὸν
2371 2877 2566 2949 πίστιν,
2644 2878 2722 2952 μὴ
2788 2882 3035 2958 νομίσῃς,
3094 2879 3175 2934 ὃτι
3207 2877 3400 2943 ἄλλους
3427 2881 3526 2955 μὲν
3574 2883 3845 2961 εὐεργετεῖ

2190 2965 2218 3019 6
2275 2969 2462 3044 Πατὴρ
2491 2966 2625 3020 κατὰ
2681 2964 3078 3044 ἆποκλὴρωσιν,
3111 2965 3300 3033 ἄλλους
3332 2966 3385 3024 δὲ
3419 2968 3479 3026 06
3509 2987 3525 3029 z
3560 2977 3714 3028 τοῦτο

2188 3050 2494 3118 ἂδικοῦντός
2577 3053 2744 3134 ἐστιν,
2831 3052 2951 3110 ἀλλ’
3014 3055 3241 3121 ἐκείνους
3307 3057 3604 3137 εύεργετεῖν
3659 3060 3843 3135 νόμιζε

457 3147 672 3230 quibus
702 3156 1058 3227 cooperatur
1084 3147 1296 3208 electio
1345 3157 1404 3208 et
1435 3148 1722 3209 voluntas.
1758 3151 1907 3212 Nam
1940 3149 2039 3228 qui
2071 3170 2100 3208 ει

2194 3143 2278 3199 τὸν
2349 3142 2580 3224 Πατέρα,
2637 3149 2724 3202 καὶ
2788 3145 3010 3209 ὶκείνοις
3057 3142 3250 3202 διδόναι
3309 3149 3407 3214 τὴν
3463 3153 3564 3215 τῆς
3610 3149 3844 3214 πίστεως

456 3223 749 3297 voluntate
781 3223 896 3297 non
921 3237 1252 3316 adjuvetur,
1289 3235 1522 3298 etiamsi
1550 3255 1582 3297 a
1610 3239 1728 3299 Deo
1759 3223 2100 3318 assumitur,

2194 3227 2415 3310 δωρεὰν,
2502 3223 2647 3296 ὅσοις
2723 3233 3026 3312 προαίρεσις
3107 3247 3370 3315 συνεργεῖ.
3456 3227 3513 3294 ’0
3599 3240 3700 3318 γὰρ
3759 3240 3845 3313 μὴ

455 3343 571 3387 non
615 3325 866 3408 percipit
920 3324 1233 3388 utilitatem
1272 3349 1284 3384 :
1339 3334 1402 3386 ut
1447 3325 1706 3406 exempli
1755 3327 1940 3405 gratia
1969 3327 2107 3408 quid

455 3416 677 3478 dicam:
713 3416 1004 3478 Omnibus
1035 3415 1131 3477 dat
1162 3415 1334 3480 Deus.
1374 3415 1480 3477 sed
1514 3416 1624 3477 hoc
1655 3416 1892 3496 quidam
1917 3425 1975 3478 et
2003 3435 2110 3477 su-

460 3514 622 3566 munt
654 3505 831 3579 bene,
863 3514 920 3567 et
949 3513 1196 3567 utuntur
1244 3525 1315 3566 eo
1373 3505 1531 3584 quod
1573 3504 1770 3575 datur,
1805 3514 1863 3567 et
1907 3514 2108 3566 custo-

457 3594 687 3656 dientes
715 3594 1213 3668 illud,ostendunt
1242 3593 1349 3656 Dei
1378 3593 1878 3666 donum.Quidam
1905 3603 2099 3655 autem

454 3684 770 3763 recipiunt:
806 3685 909 3744 sed
942 3703 1011 3744 ea
1045 3702 1174 3764 quae
1225 3683 1462 3758 dantur,
1513 3683 1892 3763 disperdunt,
1929 3683 2010 3744 ita
2040 3691 2105 3744 ut

452 3773 598 3834 nihil
626 3774 928 3852 accepisse
955 3774 1291 3834 videantur.
1327 3773 1572 3844 Quando
1625 3773 1802 3849 igitur
1845 3791 2102 3849 evange-

453 3861 586 3924 lista
614 3862 780 3936 dicit,
841 3861 964 3924 Nisi
1021 3864 1200 3924 fuerit
1249 3863 1427 3925 alicui
1468 3863 1666 3924 datum
1701 3883 1732 3924 a
1765 3866 1954 3937 Patre,
1986 3882 2102 3924 non

453 3951 664 4026 poterit
692 3950 892 4012 venire
918 3953 990 4012 ad
1025 3952 1261 4028 Filium,
1310 3953 1421 4014 hoc
1469 3952 1635 4024 dicit,
1695 3952 1806 4014 Ille
1837 3951 1996 4014 venit
2028 3950 2098 4011 ad

451 4037 792 4110 Filium,cui
823 4040 1066 4103 daturus
1099 4051 1187 4102 est
1216 4041 1533 4117 Pater,hoc
1565 4050 1722 4115 e~t,a
1750 4060 1867 4122 quo
1893 4050 2098 4103 custo-

448 4126 636 4189 ditum
691 4129 874 4192 fuerit
929 4131 1150 4192 donum
1205 4150 1239 4192 a
1280 4131 1404 4193 Deo
1437 4131 1594 4212 quod
1629 4130 1713 4192 illi
1748 4131 1948 4191 datum
1985 4137 2096 4192 est.

455 4216 778 4280 (Aliierunt
801 4220 976 4297 igitur
1000 4220 1166 4280 multi
1184 4220 1461 4300 discipuli
1486 4229 1868 4300 retrovsum,-
1885 4219 1995 4280 hoc
2014 4227 2101 4281 est

452 4304 786 4368 diviserunt
819 4327 884 4368 se
901 4327 933 4369 a
955 4309 1246 4386 Magistro.
1263 4323 1320 4370 et
1348 4309 1642 4389 progressi
1664 4318 1800 4370 sunt
1821 4327 1937 4370 non
1960 4327 2100 4388 pro-

450 4393 738 4469 ﬁcientes,
765 4397 868 4458 sed
899 4407 1218 4472 retrosum,
1247 4400 1358 4460 hoc
1385 4400 1562 4474 est,in
1595 4397 2097 4462 incredulitatem.

2191 3320 2292 3375 ὑπὸ
2340 3325 2438 3388 τῆς
2496 3323 2850 3402 προαιρέσεως
2921 3325 3356 3404 συνεργούμενος,
3411 3324 3528 3382 οὐδὲ
3583 3329 3684 3383 ὑπὸ
3742 3333 3844 3384 τοῦ

2195 3417 2324 3467 Θεοῦ
2390 3411 2929 3491 προσλαμϐανόμενος
2987 3412 3306 3492 ὠφελεῖται.
3383 3416 3513 3472 Οἶόν
3561 3438 3610 3471 τι
3664 3414 3811 3494 λέγω

2195 3503 2329 3554 [lict
2384 3497 2591 3558 δίδωσιν
2647 3505 2674 3558 6
2733 3504 2888 3579 θεὸς,
2920 3501 3041 3558 ἀλλ’
3112 3505 3159 3560 οἱ
3201 3505 3299 3580 μὲν
3337 3506 3425 3561 καὶ
3482 3503 3836 3583 λαμϐάνουσι,

2192 3589 2280 3644 καὶ
2350 3592 2586 3669 χρῶνται
2643 3588 2822 3656 καλῶς
2891 3599 2968 3667 τῷ
3010 3589 3294 3670 δεδομένῳ,
3347 3595 3433 3650 καὶ
3486 3593 3839 3674 φυλάττοντες

2189 3675 2338 3754 αύτδ,
2391 3679 2677 3737 δεικνύουσι
2746 3682 2848 3748 τὴν
2875 3693 2967 3748 τοῦ
2996 3683 3128 3740 Θεοῦ
3156 3681 3376 3753 δωρεάν,
3451 3686 3510 3743 Οἱ
3543 3683 3598 3741 δὲ
3629 3682 3841 3762 λαμϐά-

2187 3788 2330 3823 νουσι
2388 3770 2510 3844 μὲν,
2570 3769 2893 3854 ἀπολλύντες
2967 3769 3022 3828 δὲ
3069 3773 3138 3828 τὰ
3206 3771 3478 3850 δεδομένα,
3564 3775 3838 3854 φαίνονται

2188 3855 2353 3944 μηδὲν
2381 3856 2655 3924 λαϐόντες.
2690 3851 2868 3918 υΟαεαν
2925 3864 3013 3917 οὖν
3061 3861 3196 3940 λέγῃ
3227 3865 3254 3919 6
3297 3851 3708 3944 εὐαγγελιστής,
3751 3862 3838 3920 ὅτι

2190 3936 2313 4004 Ἐὰν
2367 3948 2446 4022 μὴ
2501 3947 2538 4026 ᾗ
2587 3946 2864 4025 δεδομένον
2920 3953 3021 4006 τινὶ
3080 3936 3148 4008 ἐκ.
3171 3936 3287 4010 Ἵτοῦ
3332 3936 3564 4032 Πάτρδς,
3598 3955 3659 4011 οὗ
3686 3936 3841 4011 δύνα-

2185 4058 2270 4092 ται
2297 4035 2470 4094 ἐλθεῖν
2498 4041 2630 4116 πρὸς
2677 4041 2768 4096 τὸν
2809 4041 2945 4116 ἷῖὸν,
2999 4047 3155 4098 τοῦτο
3197 4040 3364 4122 λέγει,
3417 4041 3518 4107 ὅτι,
3591 4041 3837 4108 Ἐκεῖνος

2185 4125 2402 4204 ἔρχεται
2450 4129 2582 4207 πρὸς
2648 4130 2741 4186 τὸν
2796 4131 2938 4205 Υίὸν,
3013 4133 3162 4205 ᾧτινι
3225 4129 3379 4188 δώσει
3409 4133 3438 4188 6
3475 4134 3682 4212 Πατήρ,
3714 4131 3836 4200 ἤτοι

2183 4215 2309 4292 παρ’
2367 4217 2427 4272 06
2485 4216 2780 4298 φυλαχθείη
2837 4221 2872 4286 ἡ
2942 4220 3205 4297 γενομένη
3265 4223 3408 4293 αὐτῷ
3489 4224 3634 4302 παρὰ
3703 4229 3839 4280 θεοῦ

2185 4303 2373 4383 δωρεά.
2453 4329 2482 4360 α
2554 4305 2822 4374 Ἀπῆλθον
2871 4309 2960 4364 οὖν
3177 4309 3367 4370 πολλοὶ
3433 4318 3540 4368 τῶν
3583 4315 3836 4389 μαθητῶν

2185 4395 2258 4459 εἷς
2315 4396 2380 4452 τὰ
2437 4396 2631 4455 ὀπίσω.
2693 4420 2720 4453 ι
2781 4398 3072 4474 τουτέστιν,
3147 4400 3539 4482 ἀποσχίσαντες
3619 4401 3836 4465 ἑαυτοὺς

453 4482 599 4545 Nam
628 4503 838 4546 revera
869 4487 968 4566 qui
1001 4488 1261 4567 seiqsum
1298 4507 1330 4548 a
1351 4490 1579 4551 Christo
1613 4486 1844 4560 dividit.
1869 4497 2102 4548 retror-

2194 4491 2278 4541 τοῦ
2351 4484 2701 4567 Διδασκάλου,
2761 4489 2857 4544 οὐκ
2913 4490 2986 4552 εἰς
3043 4492 3324 4569 προκοπὴν
3376 4489 3665 4569 προῆλθον,
3717 4489 3836 4547 ἀλλ’

449 4590 580 4634 sum
612 4573 768 4636 vadit
804 4597 816 4638 :
847 4576 946 4656 qui
976 4584 1172 4637 autem
1200 4577 1528 4638 secundum
1563 4575 1804 4636 Paulum
1839 4575 2104 4638 adhaeret

452 4660 726 4738 Domino,
753 4683 990 4744 semper
1020 4683 1083 4726 se
1116 4666 1383 4727 extendit
1437 4666 1511 4726 ad
1545 4664 1846 4726 anteriora
1862 4665 1936 4727 ⁵³.
1971 4665 2105 4745 Ipse

449 4760 644 4813 autem
693 4755 1014 4817 ostendens
1068 4755 1222 4834 quod
1275 4755 1496 4816 nullius
1526 4754 1616 4815 vel
1670 4754 1981 4816 ministerii
2015 4755 2102 4816 vel

449 4858 608 4902 curae
638 4847 794 4923 quod
846 4841 958 4903 sibi
1007 4843 1428 4924 impendebant
1478 4844 1760 4922 indigeat,
1797 4843 1938 4904 dicit
1961 4843 2048 4905 eis
2085 4871 2098 4916 ;

454 4952 478 4987 ιι
535 4932 693 4993 Νιιιη
761 4930 940 4992 etiam
991 4951 1090 4992 vos
1139 4932 1312 4993 vultis
1383 4933 1593 4995 abire?
1644 4932 1838 5005 Qaure
1907 4940 2099 4996 autem

450 5037 568 5080 non
630 5021 813 5099 magis
863 5021 1131 5084 laudavit
1180 5021 1524 5102 duodecim,
1590 5022 1748 5103 quod
1803 5039 1920 5082 non
1964 5041 2098 5083 cum

449 5106 583 5168 aliis
631 5108 824 5172 abacti
869 5108 1136 5173 fuerunt?
1168 5112 1386 5173 Partim
1430 5112 1566 5191 quia
1591 5108 1866 5172 servabat
1897 5109 2096 5188 digni-

531 5242 590 5295 5³
619 5243 768 5309 Dan.
805 5260 930 5322 xui,
971 5245 1071 5308 42.
1159 5245 1212 5289 ⁵³
1244 5247 1504 5328 Philipp.
1537 5263 1623 5320 tu,
1659 5247 1750 5311 13.

2187 4575 2260 4638 είς
2326 4575 2391 4630 τὰ
2450 4575 2644 4656 ὀπίσω,
2698 4576 2994 4654 τουτέστιν,
3062 4580 3134 4643 εἰς
3209 4579 3476 4637 ἀπιστίαν·
3565 4585 3641 4653 τῷ
3722 4579 3832 4637 ὄντι

2187 4665 2308 4744 γὰρ,
2374 4665 2402 4719 6
2461 4664 2647 4724 ἑαυτὸν
2708 4665 3030 4746 ’ἀποσχίζων
3058 4671 3151 4724 τοῦ
3195 4671 3445 4750 Χριστοῦ,
3476 4671 3550 4732 είς
3576 4674 3642 4728 τὰ
3664 4671 3836 4727 ὀπίσω

2187 4753 2420 4809 ἂπεισινο
2483 4756 2510 4810 6
2580 4752 2635 4810 δὲ
2694 4757 2832 4812 κατὰ
2889 4756 3095 4817 Παῦλον
3138 4757 3481 4835 κολλώμενος
3529 4767 3608 4835 τῷ
3639 4761 3832 4840 Κυρίῳ,

2188 4841 2268 4898 ἀεὶ
2324 4855 2442 4906 τοῖς
2492 4841 2782 4920 ἔμπροσθεν
2843 4845 3221 4912 έπεκτείνεται,
3279 4849 3450 4914 Αὐτὸς
3507 4847 3562 4905 δὲ
3633 4847 3834 4913 δεικνὺς

2187 4930 2268 4986 ὅτι
2324 4933 2385 4989 οὐ
2453 4929 2623 4989 δέεταί
2677 4957 2847 5017 τινος,
2907 4935 3025 4992 οὐδὲ
3081 4943 3180 5005 τῆς
3242 4929 3375 5018 παρ’
3423 4943 3596 4998 αὐτῶν
3638 4943 3837 4997 τούτων

2187 5020 2449 5085 διακονίας
2510 5020 2542 5089 ἦ
2593 5026 2897 5103 θεραπείας,
2956 5024 3102 5106 λέγει
3159 5029 3289 5108 πρὸς
3359 5029 3571 5093 αὖτοὺςο
3649 5051 3678 5085 ι
3744 5031 3835 5096 Μὴ

2185 5116 2274 5172 καὶ
2340 5116 2498 5192 ὑμεῖς
2559 5115 2737 5175 θέλετε
2796 5119 3014 5198 δπάγειν
3067 5138 3084 5195 ;
3147 5144 3175 5176 ιι
3213 5122 3310 5177 Διὰ
3340 5122 3390 5178 τὶ
3419 5119 3474 5178 δέ
3506 5121 3712 5199 μᾶλλον
3741 5122 3837 5180 οὒκ

1529 5385 1608 5444 Ex
1641 5379 1960 5442 collatione
1989 5380 2166 5445 codd.
2206 5381 2419 5446 Venet.
2453 5383 2516 5448 S.
2549 5385 2754 5449 Marci.

538 5511 835 5595 (ﬂigod.
870 5513 971 5595 30,
1021 5517 1053 5582 ἡ
1085 5515 1346 5593 γενομένη
1411 5514 1546 5590 αὐτῷ
1589 5516 1729 5595 παρὰ
1801 5522 1930 5595 Θεοῦ
1984 5515 2092 5573 δω-

2177 5528 2306 5618 θεῖ,Δ
2323 5528 2381 5616 et
2403 5523 2510 5618 .qui
2540 5541 2605 5586 se
2629 5522 3235 5618 dignum‘accipiondi
3259 5528 3631 5611 prastiterit.
3653 5530 3830 5596 Abie-

453 5595 565 5670 ρεα,
596 5593 684 5647 καὶ
712 5593 769 5655 ὃς
821 5593 1031 5664 ποιήσει
1066 5596 1249 5651 ἑαυτὸν
1291 5596 1431 5661 ἄξιον
1461 5603 1552 5652 τώ
1601 5593 1808 5651 λαϐεῖν.
1874 5593 2088 5664 Ἀπῆλ-

2194 5593 2312 5663 mit
2341 5593 2518 5680 igitur
2550 5593 2748 5688 multi,
2784 5627 2807 5661 ε
2846 5611 2966 5666 etc.

449 5674 535 5725 σον
588 5673 697 5745 οὖν,
731 5694 784 5731 κ.
827 5693 874 5731 τ.
906 5673 957 5733 λ.
991 5697 1018 5728 σ
1053 5675 1346 5744 Donuma
1375 5673 1521 5749 Deo,
1556 5673 1715 5755 quod
1743 5673 1833 5734 illi
1883 5673 2086 5738 datum
