4116 6318
264 340 410 405 1317

258 564 442 630 ἄλλοις
475 586 491 648 ;
530 559 694 645 Ὀμοῦ
748 570 847 645 μὲν
900 559 1077 649 τηρῶν
1132 572 1194 627 τὸ
1252 572 1329 645 τῷ
1356 559 1654 649 διδασκάλῳ
1702 575 1902 653 πρέπον

258 652 488 733 ἀξίωμα,
546 660 681 733 ὁμοῦ
733 657 786 714 δὲ
841 656 1089 717 δεικνύων
1158 664 1246 717 καὶ
1274 662 1436 742 ἡμῖν,
1481 661 1561 718 ὅτι
1607 660 1690 721 διὰ
1719 652 1905 721 τνύτου

265 742 473 821 μᾶλλον
525 747 831 827 ἐφέλκεσθαι
906 749 1000 806 τοῦ
1068 750 1263 830 τρόπου
1313 748 1536 812 ἔνεστιν.
1586 755 1645 810 Εἰ
1675 754 1772 828 μὲν
1805 755 1904 834 γὰρ

260 836 510 910 ὶπήνεσε,
570 836 668 896 κᾶν
741 837 933 896 ἔπαθόν
979 862 1029 896 τι
1101 839 1449 919 ἀνθρώπινον,
1481 842 1571 898 καὶ
1612 841 1904 915 ἠλαζονεύ-

268 946 453 1006 σαντο,
518 929 821 1008 χαρίζεσθαι
880 933 1022 1005 αὐτῷ
1095 928 1326 1006 οἰόμενοι
1396 927 1479 986 διὰ
1526 935 1625 998 τῆς
1675 931 1905 990 ἀκολου-

266 1015 496 1084 θήσεως,
571 1020 641 1075 Τὸ
724 1017 778 1075 δὲ
834 1017 1115 1101 δεικνύναι,
1146 1020 1217 1086 ὡς
1241 1020 1300 1076 οὒ
1329 1017 1499 1077 δεῖται
1530 1022 1628 1088 τῆς
1675 1020 1906 1080 ἀκολου-

264 1105 469 1173 θήσεως
540 1110 735 1181 αὐτῶν,
808 1107 1013 1181 μᾶλλον
1075 1109 1259 1173 αὐτοὺς
1339 1109 1562 1177 ἠδύνατο
1627 1110 1902 1193 κατέχειν,

264 1193 338 1257 ὡς
410 1195 873 1274 εύεργετουμένους
932 1196 1159 1278 μᾶλλον,
1231 1197 1269 1267 ἢ
1327 1200 1748 1281 εὖεργετοῦντας,
1822 1204 1909 1259 καὶ

263 1280 633 1358 λαμϐάνοντας
703 1287 887 1367 χάριν,
964 1286 1001 1356 ἢ
1077 1284 1335 1349 διδόντας.
1409 1289 1607 1346 Σκόπει
1657 1280 1739 1366 δὲ,
1796 1298 1908 1357 πῶς

264 1373 491 1439 συνετῶς
556 1376 735 1439 εἶπεν.
795 1376 901 1435 0-37.
970 1377 1096 1434 εἶπε
1176 1378 1299 1457 γὰρ,
1379 1377 1687 1437 Ἀπέλθετεσ
1755 1390 1909 1440 τοῦτο

263 1462 362 1541 γὰρ
418 1463 795 1541 ἀπωθουμένου
842 1466 929 1534 ἧν·
985 1465 1102 1523 ἀλλ’
1176 1469 1369 1547 ἱρωτᾷθ
1449 1490 1477 1523 α
1547 1470 1637 1537 Μὴ
1731 1469 1907 1527 θέλετε

265 1551 535 1632 ὕπάγεινς
601 1577 629 1609 ι
706 1552 835 1633 ὅπερ
894 1558 961 1622 ἦν
1018 1557 1203 1621 αὖτοὺς
1289 1560 1472 1614 ποιοῦν
1561 1560 1763 1637 κυρίους
1817 1569 1909 1617 τοὺ

266 1638 577 1699 ἀκολουθεῖν
657 1646 746 1701 καὶ
820 1646 920 1721 μή·
1021 1643 1336 1720 δεικνύντος,
1411 1645 1491 1703 ὅτι
1549 1648 1609 1705 οὐ
1664 1647 1907 1724 βούλεται

982 346 1421 411 ENARRATIO
1460 344 1538 410 IN
1578 345 2078 412 EVANGELIUM
2121 345 2465 410 JOANNIS.
2509 380 2585 391 --
2615 342 2779 408 CAP.
2828 340 2930 409 VI.

256 473 483 552 ἐπῄνεσε
532 479 656 563 τοὺς
715 477 937 561 δώδεκα,
1004 481 1078 544 ὡς
1138 481 1216 555 μὴ
1288 482 1719 563 συναπαχθέντας
1780 498 1898 547 τοῖς

2000 489 2162 542 atem
2219 479 2443 541 doctori
2518 479 2969 541 convenientem
3021 498 3035 543 :

3484 341 3637 408 1318

3098 480 3309 561 partim
3351 482 3490 564 quia
3519 484 3632 545 hoc

1988 571 2161 631 modo
2196 574 2383 649 megis
2416 570 2626 630 attrahi
2660 577 2950 650 poterant.
2985 568 3129 630 Nam
3162 571 3470 650 siquidem
3501 573 3631 635 lau-

1986 661 2208 732 dasset,
2243 661 2390 720 forte
2432 662 2783 720 humanum
2816 660 3092 738 quiddam
3146 660 3297 739 passi
3352 662 3626 743 fuissent,

1987 749 2238 830 factique
2262 750 2697 826 arrogantiores
2728 748 3166 812 existimassem
3190 768 3255 810 se
3286 751 3370 812 illi
3400 754 3630 832 gratiﬁ-

1992 839 2111 900 cari
2142 848 2379 919 propter
2434 837 2899 900 comitatiouem.
2936 841 3048 899 Per
3077 838 3186 900 Loc
3217 849 3441 917 autem,
3476 844 3632 923 quod

1991 928 2415 989 demonstravit
2458 927 2544 988 eis
2593 946 2657 988 se
2707 927 2924 989 nullius
3002 928 3271 1006 indigere
3324 935 3629 1010 comitatu,

1994 1019 2175 1097 magis
2228 1018 2417 1098 potuit
2458 1036 2561 1077 eos
2604 1017 2940 1097 continere,
2973 1037 3043 1079 eo
3090 1020 3247 1100 quod
3276 1022 3631 1089 beneficium

1990 1108 2180 1185 potius
2211 1106 2691 1197 accipiantquam
2723 1114 3022 1185 praestent:
3057 1116 3115 1169 et
3141 1111 3431 1192 accipiant
3456 1119 3638 1197 magis

1992 1214 2166 1275 quam
2194 1196 2356 1256 dent.
2388 1204 2446 1255 et
2475 1194 2787 1256 considera
2818 1215 2992 1276 quam
3028 1199 3355 1277 prudenter
3375 1194 3593 1269 dixerit
3620 1238 3632 1281 ;

1994 1304 2109 1345 non
2144 1284 2301 1346 enim
2343 1282 2511 1356 dixit,
2546 1282 2742 1357 Abite,
2778 1285 2889 1345 hoc
2920 1286 3079 1345 enim
3112 1290 3457 1370 repellentis
3487 1296 3638 1357 fuis-

1993 1385 2083 1433 set
2118 1395 2131 1437 :
2170 1376 2271 1435 sed
2321 1374 2727 1450 interrogavit,
2759 1396 2785 1430 ‹
2821 1372 2971 1434 Num
3007 1376 3181 1438 vultis
3228 1379 3425 1444 abire?
3461 1412 3482 1443 ι)
3511 1386 3637 1458 Quo

1994 1464 2173 1524 verbo
2211 1463 2297 1524 eis
2340 1462 2592 1524 liberum
2618 1463 3552 1545 faciebat,sequerentur.necne:
3582 1487 3641 1538 et

1995 1553 2437 1613 demonstrabat
2468 1552 2621 1633 quod
2650 1552 2829 1615 nollet
2874 1572 2977 1643 eos
3010 1558 3343 1621 reverentia
3372 1582 3510 1643 erga
3542 1584 3633 1637 se,

1993 1643 2261 1705 comitari
2296 1661 2359 1703 se
2389 1663 2404 1704 :
2436 1642 2538 1702 sed
2563 1650 2627 1702 nt
2660 1643 2880 1703 scirent
2910 1641 3264 1709 beneficium
3313 1641 3635 1735 esse—quod

268 1728 455 1795 αὐτοὺς
526 1730 668 1790 αἰδοῖ
725 1741 791 1807 τῇ
840 1736 968 1814 πρὸς
1013 1736 1170 1792 αὐτὸν
1197 1735 1508 1795 ἀκολουθεῖν
1564 1740 1727 1814 αὐτῷ,
1774 1736 1909 1795 ἀλλὰ
1937 1768 1973 1817 η
1997 1740 2337 1811 sequantur.

270 1822 407 1894 μετά
450 1832 544 1881 τοῦ
571 1821 729 1903 χάριν
759 1821 944 1883 εἰδέναι
975 1824 1105 1904 ὑπὲρ
1134 1833 1225 1883 τοῦ
1253 1824 1589 1889 ἀκολουθεῖν.

357 1931 381 1967 ε
444 1908 729 1991 Ἀπεκρίθη
814 1914 959 1997 αὐτῷ
1026 1915 1205 1989 Σίμων
1277 1916 1494 1995 Πέτρος·
1549 1918 1724 1997 Κύριε,
1784 1920 1914 1997 πρὸς

267 2000 382 2056 τίνα
440 1999 891 2079 ἀπελευσόμεθα;
946 1993 1187 2079 Ῥήματα
1258 1993 1401 2075 ζωῆς
1488 1993 1910 2087 αἰωνίωνὲχειςο

268 2092 354 2145 καὶ
411 2089 577 2166 ἡμεῖς
651 2094 1099 2169 πεπιστεύκαμεν,
1146 2094 1233 2148 καὶ
1263 2094 1593 2172 ἐγνώκαμεν,
1629 2095 1709 2151 ὅτι
1756 2098 1816 2153 σὺ
1859 2100 1915 2152 εἴ

268 2180 295 2234 ὁ
356 2181 580 2255 Χριστὸς
610 2182 639 2236 δ
683 2181 801 2245 Υἱὸς
830 2191 923 2240 τοῦ
966 2182 1098 2239 Θεοῦ
1139 2189 1231 2239 τοῦ
1259 2189 1479 2253 ζῶντος.
1513 2182 1798 2264 Ἀπεκρίθη
1826 2186 1913 2241 αύ-

266 2279 385 2332 τοῖς
416 2268 443 2324 ό
474 2265 703 2335 Ἰησοῦς⁸
733 2272 839 2328 Οὐκ
873 2271 981 2349 ἐγὼ
1006 2273 1143 2347 ὑμᾶς
1173 2272 1293 2336 τοὺς
1319 2270 1519 2330 δώδεκα
1549 2272 1866 2349 ἐξελεξάμην
1891 2294 1909 2355 ς

274 2359 369 2415 Καὶ
425 2356 478 2423 ἒξ
506 2359 653 2433 ὑμῶν
682 2362 765 2425 εἷς
791 2356 1034 2425 διάϐολός
1078 2361 1217 2417 ἐστιν
1252 2382 1270 2435 ;
1304 2361 1514 2440 ’Ἔλεγε
1546 2360 1600 2419 δὲ
1644 2366 1733 2421 τὸν
1780 2364 1912 2421 Ἰούο

273 2444 364 2502 δαν
427 2447 668 2521 Σίμωνος
742 2447 1109 2525 Ἰσκαρίωτηνο
1169 2453 1320 2513 οὗτος
1378 2452 1477 2531 γὰρ
1510 2451 1732 2528 ἔμελλεν
1758 2453 1913 2510 αὐτὸν

272 2534 631 2619 παραδιδόναι,
688 2539 774 2601 εἷς
830 2538 904 2595 ὤν
962 2539 1022 2594 ἐκ
1063 2546 1168 2595 τῶν
1197 2537 1419 2600 δώδεκα.
1481 2563 1507 2600 ι
1553 2542 1911 2623 Φιλόστοργος

270 2622 344 2682 ὤν
402 2626 430 2681 ό
487 2626 681 2706 Πέτρος
728 2630 817 2685 καὶ
860 2626 1197 2710 φιλάδελφος,
1231 2631 1360 2710 ὖπὲρ
1390 2634 1585 2696 παντὸς
1616 2622 1913 2711 ἀπολογεῖ-

269 2736 357 2771 ται
414 2721 507 2772 τοῦ
563 2723 753 2801 χοροῦ.
815 2721 887 2775 Οὐ
915 2720 1013 2797 γὰρ
1041 2723 1189 2800 εἷπε,
1238 2722 1412 2800 Κύριε,
1445 2723 1572 2799 πρὸς
1617 2722 1731 2778 τίνα
1774 2722 1911 2779 ἀπε-

266 2802 576 2881 λεύσομαι;
635 2809 732 2864 Καὶ
788 2806 863 2863 ὅτι
926 2806 1184 2886 ’Ἔγνωκα
1238 2810 1327 2866 καί
1373 2812 1718 2890 πεπίστευκα,
1750 2811 1907 2886 ἀλλὰ,

273 2918 297 2951 ε
348 2898 484 2976 Πρὸς
513 2897 627 2952 τίνα
671 2896 1064 2973 ἀπελευσόμεθα
1101 2914 1118 2974 ;
1152 2919 1183 2956 ι
1229 2902 1317 2956 γαὶ
1358 2902 1423 2955 τὰ
1454 2899 1597 2968 ἑξῆς.
1648 2906 1802 2969 Ζωῆς
1860 2898 1914 2957 δὲ

2079 1909 2263 1973 Vsus.
2298 1910 2899 1991 69-79.:Respondit
2930 1931 3067 1992 ergo
3099 1917 3152 1976 ei
3176 1918 3381 1982 Simon
3406 1920 3634 1987 Petrus:

1995 2001 2136 2063 599
2167 2000 2517 2074 Domine,ad
2551 2018 2726 2080 quem
2759 1999 3009 2063 ibimus?
3039 2005 3227 2067 Verba
3252 2008 3383 2071 vita:
3403 2022 3639 2076 aeterna

1999 2092 2202 2166 habes,
2241 2099 2298 2151 et
2331 2110 2435 2151 nos
2465 2089 2763 2151 credimus
2794 2100 2849 2151 et
2880 2096 3261 2169 roguovim‘iis
3291 2102 3447 2180 quod
3483 2112 3541 2163 tu
3574 2123 3638 2166 es

1994 2181 2260 2244 Christus
2292 2179 2473 2242 Filius
2496 2179 2598 2241 Dei
2623 2179 3105 2262 vivi.l{eSpondit
3126 2185 3212 2246 eis
3230 2179 3639 2256 JesuszNonno

1993 2289 2103 2347 ego
2144 2290 2243 2331 vos
2274 2268 2590 2330 duodecim
2620 2268 2858 2346 elegi?et
2894 2289 2961 2331 ex
2992 2271 3153 2334 vobis
3187 2295 3338 2337 unus
3370 2280 3639 2343 diabolus

1995 2358 2358 2422 est?Dicebat
2386 2364 2583 2420 autem
2608 2358 2682 2418 de
2710 2359 2861 2420 Juda
2890 2358 3151 2423 Simonis
3184 2364 3500 2434 lscariotre.
3530 2370 3637 2433 Hic

1996 2450 2154 2510 enim
2190 2448 2524 2528 proditurus
2557 2456 2683 2508 erat
2713 2466 3011 2521 eum,cum
3046 2461 3201 2513 esset
3222 2474 3373 2518 unus
3396 2478 3465 2520 ex
3497 2462 3641 2522 duo-

1996 2538 2212 2600 decim.
2258 2564 2278 2594 ι
2317 2536 2526 2598 Petrus
2556 2555 2687 2597 cum
2742 2546 2898 2597 esset
2943 2550 3175 2630 amator
3214 2546 3485 2622 fratrum,
3534 2569 3638 2630 pro

1998 2637 2116 2689 toto
2132 2629 2313 2689 choro
2341 2626 2682 2706 respondet.
2718 2627 2841 2686 Non
2876 2627 3031 2689 enim
3059 2630 3226 2709 dixit,
3264 2626 3637 2711 Domine,'ad

1995 2738 2169 2799 quem
2203 2717 2332 2779 ibo?
2362 2718 2730 2808 entia-gnavi
2765 2723 2825 2775 et
2854 2718 3109 2799 credidi,
3137 2725 3263 2795 sed,
3310 2726 3429 2786 «Ad
3463 2746 3637 2808 quem

1996 2807 2275 2868 ibimus?»
2304 2802 2576 2866 etc.Vitaa
2606 2812 2805 2864 autem
2837 2816 3079 2868 aeterna;
3111 2812 3288 2872 verba
3321 2802 3637 2877 Dominum

1996 2896 2217 2958 habere
2238 2895 2406 2974 dicit,
2442 2896 2580 2975 quia
2599 2894 2899 2955 audiverat
2931 2914 3064 2957 eum
3098 2899 3421 2977 dicentem,
3451 2931 3472 2959 ει
3493 2904 3637 2965 Eum

266 2984 476 3041 αἰωνίου
545 2984 756 3063 ῥήματα
840 2986 989 3067 ἔχειν
1057 2989 1149 3044 τὸν
1225 2989 1410 3067 Κύριόν
1482 3012 1666 3069 φησιν,
1725 2987 1910 3057 ἓπειδὴ

2000 2988 2094 3069 qui
2119 2986 2311 3048 credit
2332 2985 2389 3045 in
2414 2983 2999 3059 me,resuscitabo,et
3022 2986 3258 3050 habebit
3280 2993 3453 3053 vitam
3474 3006 3638 3057 mter-

263 3071 488 3139 ἤκουσεν
547 3073 705 3131 αὐτοῦ
756 3072 1031 3156 λέγοντος,
1097 3076 1177 3133 ὅτι
1236 3098 1261 3134 α
1335 3080 1435 3135 Τὸν
1488 3078 1798 3162 πιστεὺοντα
1830 3081 1901 3143 εἰς

2000 3097 2183 3143 nam.»
2208 3076 2332 3138 lam
2357 3074 2513 3134 enim
2551 3073 2627 3159 illi
2659 3075 3160 3139 resurrectionem
3205 3094 3643 3162 receperant,et

262 3161 359 3236 ἒμὶ
421 3161 727 3239 ἀναστήσω,
784 3149 872 3221 καὶ
927 3149 1028 3231 ἕξεί
1059 3167 1199 3237 ζωὴν
1242 3167 1473 3230 αἰώνιον,
1527 3191 1552 3226 ι
1606 3149 1756 3237 μξίδη
1805 3169 1904 3247 γὰρ

2000 3184 2226 3230 omnem
2254 3156 2581 3225 doctrinam
2621 3182 2633 3224 :
2672 3162 2869 3243 itaque
2893 3165 3070 3227 verba
3101 3167 3228 3249 ipsa
3278 3149 3638 3236 offendicula

268 3250 367 3318 τὴν
423 3250 708 3343 ἀνάστασιν
770 3253 910 3311 οὗτοι
955 3254 1325 3335 παρεδέξαντο,
1359 3258 1447 3314 καὶ
1475 3264 1647 3315 πᾶσαν
1691 3259 1790 3326 τὴν
1820 3256 1904 3314 δι-

2000 3277 2105 3318 non
2142 3262 2332 3323 erant,
2366 3252 2474 3315 eed
2511 3252 2859 3343 atten'lendi
2884 3255 3266 3343 negligentia
3300 3268 3357 3322 et
3386 3262 3638 3343 ignavia,

268 3337 579 3401 δασκαλίαν.
641 3331 817 3399 υΩστε
868 3345 926 3401 οὐ
951 3331 1165 3422 ῥήματα
1207 3331 1343 3413 ἦσαν
1371 3348 1437 3403 τὰ
1475 3346 1904 3426 σκανδαλίζοντα,

272 3428 410 3487 ἀλλὰ
478 3432 566 3487 καὶ
622 3432 658 3500 ἡ
699 3431 977 3512 ἀπροσεξία
1003 3437 1090 3492 καὶ
1117 3438 1153 3505 ἡ
1194 3435 1438 3514 ῥᾳθυμία,
1467 3438 1555 3494 καὶ
1584 3438 1618 3505 ἡ
1650 3437 1909 3516 ἀγνωμοα

270 3522 399 3590 σύνη
470 3526 576 3579 τῶν
628 3522 950 3588 ἀκουόντων,
990 3529 1084 3584 Καὶ
1130 3529 1230 3607 γὰρ
1273 3530 1359 3584 καὶ
1407 3528 1550 3586 οὗτοι
1620 3531 1665 3585 0i
1710 3526 1911 3586 δώδεκα

268 3612 334 3670 τὰ
384 3612 514 3669 αὐτὰ
570 3610 787 3688 ἤκουον,
858 3616 947 3671 καὶ
1021 3614 1168 3691 ὅμως
1240 3619 1333 3674 οὐκ
1411 3615 1910 3698 ἐσκανδαλίσθησαν,

269 3698 390 3756 ἀλλ’
432 3700 671 3777 ἔμειραν.
716 3703 776 3761 Τί
806 3703 895 3760 οὖν
923 3704 953 3760 ό
982 3707 1205 3785 Χριστός
1236 3727 1252 3787 ;
1287 3695 1416 3787 ’Λρα
1450 3708 1659 3765 ἐπαινεῖ
1688 3695 1905 3787 Πέτρονξ

266 3787 446 3877 ᾥσπερ
503 3789 747 3873 ἀλλαχοῦ
805 3801 962 3853 τοῦτο
1016 3794 1314 3871 ἐποίησεν;
1371 3796 1649 3877 Οὐδαμῶς,
1696 3798 1787 3854 ’ἶνα
1833 3798 1911 3873 μὴ

263 3874 413 3959 δόξῃ,
458 3877 540 3936 ὅτι
595 3880 870 3940 κολακεύει
930 3882 1014 3940 διὰ
1070 3886 1131 3941 τὰ
1187 3901 1513 3967 παραμεῖναι
1546 3874 1710 3962 αὐτῷ.
1743 3884 1911 3943 Ἀλλὰ

264 3968 314 4023 τί
338 3967 483 4048 λέγει
548 3971 680 4050 πρὸς
737 3974 829 4028 τὸν
880 3974 1087 4052 Πέτρον
1120 3996 1136 4057 ;
1171 3975 1315 4056 Ἐγὼ
1361 3977 1457 4053 μὲν
1486 3977 1623 4053 ὑμᾶς
1667 3975 1907 4042 ἐξελεξά-

268 4080 377 4134 μην
431 4059 553 4123 τοὺς
589 4058 813 4132 δώδεκα,
847 4061 990 4131 πλὴν
1035 4064 1151 4122 οὐδὲ
1192 4068 1349 4142 ὑμεῖς
1393 4066 1623 4130 ἅπαντὲς
1657 4065 1774 4122 ἐστε
1812 4070 1911 4131 τῆς

268 4146 498 4228 ὶκλογῆς
556 4147 710 4225 ἄξιοι,
760 4150 879 4208 ἀλλ’
910 4153 997 4217 εἷς
1026 4152 1078 4220 ἐξ
1106 4163 1253 4231 υμῶν
1282 4152 1525 4218 διάϐολός
1554 4155 1690 4218 ἐστι.
1748 4161 1913 4212 Τοῦτο

275 4235 329 4293 δὲ
387 4235 557 4319 διχῶς
602 4240 845 4307 νοητέον.
883 4231 971 4298 ’¹Η
1000 4245 1100 4322 γὰρ
1130 4241 1234 4318 ὅτι,
1272 4246 1369 4302 Καὶ
1398 4251 1486 4300 νῦν
1516 4245 1687 4301 πάντα
1716 4244 1783 4299 τὰ
1813 4242 1915 4319 ἐμὰ

276 4304 568 4400 διαϐάλλει,
614 4304 703 4386 καί
732 4328 880 4388 ούδὲν
909 4304 1110 4388 τούτων
1136 4304 1478 4414 ἀπδδέχεται,
1525 4333 1559 4402 ἤ
1585 4333 1688 4413 ὅτι,
1724 4304 1915 4389 Μέλλει
1940 4304 1980 4353 D

278 4413 550 4475 διαϐαλεῖν
602 4418 720 4493 ius.
795 4422 890 4477 Καὶ
946 4422 1046 4500 γὰρ
1104 4419 1271 4487 ὅντως
1334 4413 1588 4487 τοιοῦτος
1646 4423 1920 4504 ἀπεφάνθη

277 4504 499 4588 Ἰούδας,
545 4506 842 4566 διαϐάλλων
867 4512 997 4588 πρὸς
1029 4508 1303 4578 Ἰουδαίους
1333 4515 1426 4571 τὸν
1475 4515 1684 4592 Κύριον,
1737 4516 1825 4569 καὶ
1857 4513 1921 4567 τὰ

279 4599 547 4677 μυστήρια
606 4602 761 4657 αὐτοῦ
818 4599 1050 4680 ἐκφέρων
1138 4602 1345 4667 αὐτοῖς’
1408 4605 1541 4660 καθα
1596 4604 1685 4660 καὶ
1756 4599 1924 4659 Λαυίδ

278 4687 395 4765 περὶ
457 4689 612 4745 αὐτοῦ
673 4703 857 4768 φησιν·
894 4678 956 4745 ἀ
1034 4678 1402 4772 Ἐξεπορεύειιο
1460 4690 1582 4771 ἔξω,
1628 4693 1713 4748 καὶ
1744 4691 1919 4748 ἐλάλει

280 4776 365 4833 ἐπὶ
434 4777 494 4832 τὸ
554 4777 702 4839 αὐτό.
784 4800 808 4834 ι
872 4778 1027 4857 Λέγει
1090 4778 1145 4837 δὲ
1198 4782 1361 4839 ταῦτα
1392 4783 1522 4844 tab;
1551 4783 1641 4837 τὸν
1672 4780 1862 4859 Πέτρον
1894 4783 1921 4837 ὁ

287 4866 493 4945 Κύριος,
567 4863 925 4945 διορθούμενος
980 4871 1162 4937 αὐτόν,
1224 4869 1371 4930 Ἐπεὶ
1400 4873 1501 4951 γὰρ
1530 4871 1683 4928 εἶπεν
1736 4871 1763 4925 ὁ
1821 4870 1927 4925 [Ιέ-

284 4976 429 5033 τρος,
501 4954 605 5031 ὅτι,
670 4959 766 5014 Καὶ
824 4955 1133 5035 ἕγνώκαμεν
1187 4963 1275 5019 καὶ
1329 4961 1776 5032 πεπιστεύκαμεν,
1840 4959 1929 5027 Μὴ

288 5054 441 5103 τοῦτο
497 5047 707 5126 νόμιζε,
754 5050 935 5129 φησίν.
985 5051 1058 5106 Οὔ
1113 5051 1213 5128 γάρ
1279 5051 1473 5113 πάντες
1524 5049 1643 5105 ἐστὲ
1726 5049 1929 5128 πιστοὶ,

289 5135 403 5193 οὐδὲ
459 5136 655 5201 πάντες
711 5161 778 5215 με
830 5141 1120 5220 ἐγνώκατε.
1178 5139 1314 5220 Ὅρα
1344 5137 1399 5195 δέ
1456 5161 1545 5216 μοι
1574 5140 1663 5195 τὸν
1713 5138 1923 5210 Κύριον,

286 5232 402 5290 πῶς
460 5225 536 5283 ἔτι
593 5225 855 5307 πόῤῥωθεν
912 5230 1003 5288 τοῦ
1060 5228 1313 5309 προδότου
1381 5231 1480 5299 τὴν
1547 5228 1736 5284 κακίαν
1796 5227 1932 5283 ἀνα-

284 5319 627 5395 κρουόμενος,
701 5320 789 5377 καὶ
846 5321 1203 5403 ἀναχαιτίζων
1272 5322 1461 5396 αὐτὴν,
1523 5320 1687 5378 ταῦτά
1745 5335 1930 5400 φησιν’

289 5407 436 5474 εἰδὼς
490 5409 614 5489 μὲν,
670 5408 751 5466 ὅτι
809 5410 955 5471 οὐδὲν
1004 5410 1294 5492 ὠφελήσει,
1328 5409 1476 5487 ὅμως
1529 5408 1585 5466 δὲ
1632 5412 1695 5466 τὸ
1749 5410 1935 5467 ἑαυτοῦ

290 5506 479 5558 ποιῶνο
551 5503 639 5557 καὶ
706 5500 824 5558 οὔτε
904 5505 1125 5582 φανερὸν
1220 5502 1378 5559 αὺτὸν
1464 5500 1735 5581 ἐποίησεν,
1817 5495 1933 5555 οὔτε

369 5660 423 5701 δι
455 5661 602 5721 Psal.
640 5678 736 5735 XL,
783 5664 838 5730 ἶ,

1992 3349 2067 3409 im
2079 3341 2507 3425 prudentiaque
2518 3341 3017 3404 auditorum.Nam
3035 3346 3093 3405 hi
3106 3341 3640 3414 duodecim—eadem

1993 3435 2453 3504 audierunt,nec
2488 3441 2683 3493 tamen
2711 3434 3100 3509 suntoffensi,
3134 3438 3238 3499 sed
3271 3452 3638 3507 manserunt.

1999 3523 2149 3597 Quid
2175 3522 2353 3602 igitur
2382 3519 2967 3602 Christus?Nunquid
2995 3523 3196 3587 laudat
3218 3530 3643 3605 Petrum,sicut

1996 3614 2110 3674 alio
2146 3612 2273 3673 loco
2306 3609 2475 3671 facit?
2496 3610 2840 3685 Minime,ut
2868 3630 2943 3674 ne
2963 3613 3268 3677 videretur
3286 3617 3541 3681 blandiri
3556 3621 3641 3682 illi

1995 3701 2149 3781 quod
2172 3702 2330 3780 apud
2364 3718 2428 3759 se
2452 3707 2737 3760 mani-ret.
2765 3700 2881 3760 Sed
2915 3702 3057 3783 quid
3095 3703 3240 3766 dixit
3268 3708 3339 3767 ad
3374 3707 3641 3771 Petrum?

1994 3792 2112 3872 Ego
2126 3791 2368 3871 quidem
2387 3807 2490 3850 vos
2506 3788 2656 3867 elegi
2675 3788 3427 3867 duodecim,verumtamen
3448 3817 3643 3878 neque

1995 3901 2097 3942 vos
2129 3897 2339 3941 omnes
2369 3880 2510 3939 estis
2541 3878 2833 3940 electione
2867 3879 3162 3961 digni,sed
3193 3904 3345 3946 unus
3378 3906 3444 3948 ex
3476 3888 3643 3950 vobis

1993 3970 2264 4032 diabolus
2283 3967 2525 4029 est.lloc
2541 3977 2738 4029 autem
2763 3965 3032 4031 bifariam
3056 3980 3143 4033 est
3165 3972 3639 4052 intelligendum:

1997 4062 2083 4121 vel
2116 4059 2274 4121 enim
2304 4059 2389 4118 sic
2425 4075 2438 4120 :
2484 4058 2654 4119 Nunc
2698 4076 2827 4118 mea
2869 4060 3067 4121 omnia
3119 4062 3536 4137 calumniatur,
3590 4076 3648 4127 et

1999 4149 2145 4210 nihil
2179 4148 2412 4210 illorum
2447 4144 2684 4225 recipit;
2738 4147 2823 4207 vel
2872 4146 2958 4209 sic
2996 4169 3009 4211 :
3046 4147 3524 4216 Calumniaturus
3555 4167 3646 4216 est

2002 4241 2197 4301 me.Et
2217 4238 2375 4298 enim
2398 4236 2597 4313 reipsa
2622 4234 2752 4296 talis
2772 4238 3041 4316 apparuit
3064 4240 3646 4318 Judas,calumnians

2005 4327 2161 4407 apud
2188 4327 2423 4389 Judaeos
2448 4324 2854 4387 Dominumet
2878 4327 3153 4407 mysteria
3182 4332 3312 4409 ejus
3354 4331 3474 4395 illis
3499 4335 3644 4396 elle-

2004 4435 2165 4490 reus,
2201 4416 2353 4477 sicut
2377 4423 2432 4474 et
2474 4412 2649 4474 David
2677 4414 2750 4474 de
2784 4417 2909 4494 ipso
2935 4416 3079 4477 dicit
3111 4437 3125 4480 :
3165 4444 3191 4474 α
3218 4418 3648 4500 Egrediebatur

2003 4507 2182 4579 foras,
2210 4513 2268 4567 et
2298 4502 2647 4583 loquebatur
2667 4502 2725 4562 in
2757 4503 3013 4584 idipsum
3041 4507 3496 4573 51.Dicitautem
3523 4514 3649 4579 haec

2003 4597 2075 4656 ad
2114 4597 2348 4657 Petrum
2387 4591 2698 4681 Dominus,
2749 4594 3075 4656 emendaus
3126 4616 3287 4678 eum;
3322 4604 3457 4681 quia
3486 4605 3645 4667 enim

2004 4684 2230 4745 dixerat
2261 4682 2494 4760 Petrus,
2527 4680 2595 4741 Et
2618 4683 3001 4760 cognovimus
3032 4694 3090 4746 et
3121 4680 3484 4753 credidimus
3514 4714 3527 4754 :
3561 4691 3648 4755 Ne

2006 4776 2111 4835 hoc
2148 4772 2685 4853 putes,iuquit,non
2712 4772 2869 4832 enim
2902 4792 3110 4836 omnes
3130 4778 3271 4839 estis
3300 4780 3650 4854 ﬁdeles,no-

2012 4882 2127 4943 que
2159 4881 2366 4924 omnes
2400 4880 2493 4922 me
2525 4861 2905 4940 cognovistis.
2941 4863 3090 4926 Vide
3127 4877 3322 4930 autem
3356 4873 3648 4950 quomodo

2013 4961 2184 5014 antea
2200 4951 2486 5015 Dominus
2511 4950 2831 5032 proditoris
2859 4953 3134 5016 malitiam
3158 4958 3455 5037 repellens
3476 4970 3537 5024 et
3560 4979 3651 5024 re-

2012 5039 2252 5101 frenans
2282 5042 2406 5101 hzec
2442 5040 2809 5122 dicit,scien~
2832 5042 3069 5121 quidem
3103 5047 3259 5126 quod
3285 5048 3429 5109 nihil
3455 5050 3652 5129 profu-

2017 5138 2178 5190 turus
2222 5140 2401 5199 esset,
2441 5129 2827 5191 nihilominus
2880 5145 3073 5194 tamen
3107 5135 3262 5216 quod
3319 5155 3491 5199 suum
3526 5147 3656 5201 erat

2017 5218 2262 5295 faciens,
2294 5236 2488 5299 neque
2520 5219 2686 5279 illum
2721 5220 3130 5299 manifestavit,
3166 5243 3360 5306 neque
3410 5234 3652 5291 omnino

2016 5309 2309 5371 eccultum
2335 5326 2465 5369 esse
2498 5307 2789 5399 permisit:
2816 5309 2961 5371 illud
2985 5311 3224 5392 quidem
3258 5323 3320 5375 ut
3350 5332 3423 5378 ne
3452 5316 3651 5399 impu-

2017 5397 2252 5461 dentior
2282 5404 2339 5458 et
2367 5396 2794 5460 contentiosior
2828 5400 2999 5461 fieret
3032 5421 3045 5464 :
3095 5403 3202 5464 hoc
3232 5415 3457 5487 autem,
3489 5396 3556 5468 ut
3583 5426 3655 5470 ne

2020 5489 2268 5553 licenter
2300 5486 2528 5549 facinus
2558 5491 3140 5569 patraret,occultum
3160 5491 3304 5554 illud
3331 5486 3655 5576 putansEx
