4116 6318
496 392 649 468 1319
1436 381 2032 456 THEOPHYLACTI
2075 386 2485 455 BULGARI/E
2511 384 2868 456 ARCHIEP.
3755 397 3783 452 Ι
3802 389 3923 454 320

491 527 596 588 illo
627 534 823 587 autem
857 525 1034 588 etiam
1067 527 1179 589 hoc
1209 525 1686 606 discimus,quod
1713 544 1829 586 non
1844 526 2148 590 coactione

2249 526 2405 594 τάντη
2451 526 2634 586 λαθεῖν
2663 526 2867 584 εἴασεν·
2903 527 3077 585 ἐκεῖνο
3124 528 3243 608 μέν,
3277 530 3370 585 ’ἵνα
3399 529 3479 604 μὴ
3503 527 3921 608 ἀπαναισχυν-

496 625 552 678 et
585 616 634 677 vi
658 615 909 696 quadam
937 615 1216 677 meliores
1239 615 1435 676 facere
1459 615 1834 676 consueverit
1859 614 2148 690 Deus,ne-

2249 617 2396 685 ἰήσει(
2428 617 2853 697 φιλονεικότερος
2882 618 3128 696 γένηται·
3163 628 3318 678 τοῦτο
3363 616 3441 691 δὲ,
3476 618 3568 674 ’ίνα
3601 617 3690 693 μὴ
3733 616 3920 678 ἀδεῶς

493 725 608 786 que
640 707 767 785 ejus
791 705 1002 766 electio
1024 714 1191 782 cogat
1217 704 1576 766 voluntatem
1615 715 1876 765 nostram
1915 723 2046 764 cum
2072 705 2120 765 si

498 794 672 870 mala,
703 803 765 854 ut
787 795 885 854 fiat
909 794 1064 854 bona
1096 815 1109 854 :
1137 793 1240 855 sed
1298 793 1511 854 electio
1568 793 1808 872 quidem
1856 794 1973 853 {ita
2000 793 2144 866 Deo,

493 885 592 965 qui
622 883 966 944 adhortatur
997 902 1101 944 nos
1136 883 1206 943 ad
1237 883 1484 955 bonum,
1518 891 1574 943 et
1606 901 1772 942 suam
1827 881 1998 942 nobis
2030 883 2144 942 im-

498 973 674 1052 pertit
703 972 1048 1034 bonitatem.
1085 971 1148 1032 In
1177 980 1592 1033 mente-autem
1621 978 1824 1032 nostra
1852 980 1910 1032 et
1939 971 2153 1033 volun-

499 1071 614 1123 tate
637 1063 816 1124 situm
844 1072 931 1123 est
953 1061 1166 1123 salvari
1189 1071 1246 1122 et
1270 1061 1447 1140 digne
1469 1061 1541 1123 ad
1566 1061 1916 1122 electionem
1939 1061 2154 1121 ambu-

496 1152 640 1225 lare,
678 1151 766 1211 vel
798 1169 831 1212 e
858 1149 1445 1212 diverso.Admirare
1475 1159 1673 1211 autem
1700 1148 1856 1228 quod
1889 1149 2158 1210 diabolus

497 1242 554 1301 in
589 1249 811 1302 tantum
851 1240 1100 1302 infestus
1131 1247 1241 1312 est,
1265 1249 1324 1300 et
1351 1240 1618 1319 potuerit
1651 1239 1827 1300 etiam
1875 1258 2056 1299 unum
2091 1257 2160 1298 ex

499 1328 813 1390 duodecim
847 1327 1258 1408 abripere,qui
1289 1327 1661 1388 suscitabant
1693 1333 2052 1400 mortuos,et
2070 1326 2159 1388 fa-

504 1417 744 1480 ciebant
764 1417 905 1477 600
936 1417 1243 1488 miracula,
1301 1425 1357 1477 et
1388 1415 1735 1477 fruebantur
1765 1416 2059 1494 spirituali
2103 1424 2163 1478 et

506 1508 732 1568 vivitica
762 1507 1036 1569 doctrina
1068 1505 1328 1567 Domini.
1362 1506 1431 1566 Et
1462 1505 1564 1566 ubi
1595 1515 1728 1582 post
1783 1507 1905 1566 haec
1953 1505 2160 1567 salutis

510 1615 646 1675 spes
679 1595 874 1676 nobis,
901 1597 997 1676 qui
1029 1607 1244 1675 sponte
1272 1615 1306 1656 a
1331 1597 1640 1676 juventute
1664 1614 1770 1655 nos
1803 1595 1965 1676 ipsos
1994 1595 2160 1656 mali-

512 1687 606 1747 tize
639 1684 1078 1766 mancipamus?
1110 1683 1247 1748 Ideo
1280 1695 1339 1746 et
1368 1685 1730 1763 evangelista
1759 1686 1923 1763 quasi
1966 1685 2158 1746 admi-

511 1794 652 1836 rans
683 1775 824 1835 dicit
851 1793 864 1837 :
901 1775 1078 1838 «Cum
1111 1784 1269 1836 esset
1293 1794 1442 1836 unus
1471 1794 1539 1835 ex
1564 1773 2159 1846 duodecim.»Quam-

517 1867 597 1924 vis
627 1864 1201 1944 enim,inquit,esset
1230 1883 1262 1926 e
1284 1872 1490 1926 sancto
1529 1863 1628 1924 illo
1661 1863 1864 1939 choro,
1901 1872 2157 1924 attamen

517 1954 668 2014 mala
701 1971 806 2013 sua
841 1954 1132 2014 voluntate
1163 1953 1443 2031 indignus
1466 1952 1744 2012 inventus
1772 1961 1881 2011 est.
1917 1951 2000 2012 Ita
2043 1952 2154 2013 ho-

519 2063 613 2104 mo
627 2042 844 2104 animal
862 2052 952 2104 est
973 2048 1182 2123 Suapto
1197 2055 1406 2104 natura
1424 2039 2160 2120 vertibile.Valeantigitur

521 2133 777 2214 posthaec
803 2133 1136 2196 Manichzei.
1169 2130 1297 2193 Non
1330 2132 1488 2193 enim
1511 2150 1545 2192 a
1576 2138 1781 2191 natura
1809 2149 2013 2191 sumus
2031 2150 2158 2192 ma-

522 2223 584 2299 li,
618 2222 835 2302 alioqui
869 2221 1066 2282 omnia
1096 2231 1441 2302 operaretur
1470 2220 1530 2281 in
1556 2219 1726 2280 nobis
1746 2218 2162 2281 malitia.Nunc

521 2322 714 2373 autem
749 2331 863 2372 non
887 2329 1124 2390 semper
1151 2320 1273 2372 erat
1300 2312 1481 2372 Judas
1512 2309 1834 2383 malus,sed
1859 2309 2158 2370 fuitetiam

513 2400 828 2480 aliquando
885 2410 1101 2460 sancta:
1157 2400 1501 2462 voluntatis.
1555 2398 1743 2476 Igitur
1779 2416 1813 2457 a
1863 2398 2161 2459 voluntate

514 2492 666 2551 mala
695 2499 754 2550 et
785 2497 1106 2550 nascuntur
1127 2501 1189 2549 et
1218 2496 1519 2549 crescunt.

2230 705 2511 783 ἐργάζηται
2552 710 2614 763 τὸ
2683 707 2964 784 τόλμημα,
3035 712 3127 766 οἶα
3172 709 3395 782 νομίζων
3441 706 3766 767 λανθάνειν,
3830 705 3929 763 Ἐκ

2231 795 2415 851 τούτου
2463 794 2518 852 δέ
2585 798 2671 853 καὶ
2733 807 2887 856 τοῦτο
2919 799 3272 874 μανθάνομεν,
3306 798 3385 854 ὅτι
3416 800 3508 854 οὒκ
3559 797 3801 873 ἀνάγκῃ
3839 790 3928 850 καὶ

2238 883 2324 958 βιᾳ
2381 898 2560 941 ποιεῖν
2645 884 2831 942 εἴωθεν
2888 887 3110 965 ἀγαθοὺς
3199 890 3226 943 ὁ
3284 888 3435 960 Θεὸς,
3470 884 3587 942 οὒδὲ
3625 884 3662 951 ἡ
3700 883 3928 961 ἐκλογὴ

2241 973 2395 1028 αὗτοῠ
2443 972 2676 1048 βιάζεται
2741 977 2836 1043 τὴν
2922 979 3221 1054 προαίρεσιν
3303 979 3480 1055 ἡμῶν,
3570 976 3657 1030 καὶ
3737 975 3928 1038 κακὴν

2241 1067 2398 1116 οὖσαν
2431 1064 2711 1141 ἀναγκάζει
2743 1065 2979 1142 γενέσθαι
3013 1064 3236 1143 ἀγαθήν.
3274 1063 3423 1122 Ἀλλ’
3467 1068 3503 1132 ἡ
3535 1064 3633 1139 μὲν
3701 1062 3926 1139 ἐκλογῆ

2241 1151 2437 1228 γίνεται
2496 1155 2637 1231 παρὰ
2703 1161 2856 1233 Θεοῦ,
2888 1155 3274 1234 προτρέποντος
3301 1156 3445 1229 ἡμᾶς
3476 1154 3560 1210 ἐπὶ
3590 1154 3654 1208 τὸ
3711 1151 3924 1222 καλὸν,

2244 1241 2331 1296 καὶ
2398 1241 2498 1306 τὴν
2565 1245 2723 1299 αὖτοῦ
2791 1241 3152 1324 ὲφαπλοῠντος
3182 1246 3320 1318 ἡμῖν
3378 1243 3716 1320 ἆγαθύτητα’
3773 1239 3839 1294 ἐν
3873 1238 3926 1294 δὲ

2243 1335 2310 1405 τῇ
2369 1330 2560 1407 γνώμῃ
2589 1333 2744 1406 ἡμῶν
2787 1331 2881 1389 καί
2939 1337 3006 1410 νῇ
3056 1333 3355 1412 προαιρέσει
3389 1345 3561 1389 κεῖται
3611 1332 3676 1387 τὸ
3718 1329 3928 1397 σωθῆ-

2245 1440 2350 1492 ναι,
2411 1421 2498 1475 καὶ
2557 1418 2712 1485 ἀξίως
2755 1425 2854 1490 τῆς
2924 1420 3158 1499 ἐκλογῆς
3189 1421 3571 1501 περιπατῆσαι,
3606 1421 3644 1487 ἣ
3673 1423 3926 1477 τούναν-

2243 1509 2372 1566 τίον.
2430 1509 2709 1583 Θαύμασον
2773 1509 2853 1591 δὲ,
2898 1510 2978 1567 ὅτι
3009 1519 3256 1568 τοσοῦτον
3285 1513 3312 1566 ὁ
3343 1509 3585 1574 διάϐολος
3631 1508 3920 1584 πολεμεῖ,

2247 1600 2318 1660 ὡς
2349 1595 2637 1665 δυνηθῆναι
2710 1599 2798 1656 ἕνα
2827 1606 2936 1656 τῶν
2965 1598 3167 1657 δώδεκα
3197 1600 3526 1680 ἀφαρπάσαι,
3576 1604 3687 1655 τῶν
3760 1598 3925 1675 ἐγει-

2243 1689 2442 1763 ρείντων
2503 1689 2738 1765 νεκροὺς,
2799 1691 2885 1746 καὶ
2939 1690 3179 1765 θαύματα
3234 1689 3595 1766 ποιησάντων,
3650 1687 3753 1743 καὶ
3818 1691 3925 1751 τῆς

2242 1781 2605 1849 πνευματικῆς
2661 1785 2753 1834 τοῦ
2811 1781 2994 1857 Κυρίου
3067 1775 3403 1839 διδασκαλίας
3476 1778 3562 1832 καὶ
3620 1780 3921 1847 ζωοποιοῦ

2240 1862 2676 1924 ἀπολαυσάντων.
2742 1870 2839 1924 Καὶ
2907 1875 3008 1924 ποῦ
3037 1866 3228 1924 λοιπὸν
3271 1868 3534 1944 σωτηρίας
3564 1863 3721 1929 ἐλπὶς
3775 1865 3928 1937 ἡμῖν

2241 1965 2355 2015 τοῖς
2419 1951 2724 2018 ἐθελουσίως
2796 1956 2854 2013 ἐκ
2915 1957 3162 2024 νέοτητος
3195 1956 3406 2021 ἑαυτοὺς
3435 1961 3504 2032 τῇ
3547 1955 3709 2026 κακίᾳ
3783 1951 3925 2010 δου-

2242 2041 2442 2098 λώσασι
2474 2058 2490 2114 ;
2526 2046 2616 2099 Διὸ
2645 2047 2732 2101 καὶ
2761 2048 2789 2102 ί)
2851 2045 3252 2125 εὐαγγελιστῆς,
3299 2049 3372 2110 ὡς
3413 2046 3722 2119 θαυμάζων,
3785 2043 3929 2098 εἷπε

2241 2133 2324 2204 τὸ,
2405 2155 2433 2187 ι
2497 2134 2596 2198 Εἷς
2652 2134 2725 2190 ὤν
2797 2136 2857 2192 ἐκ
2910 2142 3016 2192 τῶν
3047 2133 3270 2197 δώδεκα.
3302 2159 3330 2190 ι
3369 2136 3550 2192 Καίτοι
3580 2134 3705 2212 γὰρ,
3744 2131 3922 2209 φησὶ.

2242 2221 2428 2278 τούτού
2483 2232 2573 2282 τοῦ
2642 2225 2792 2304 ἆγίου
2823 2235 2988 2306 χοροῦ
3029 2224 3125 2299 ὢν,
3173 2223 3320 2300 ὅμως
3362 2224 3429 2291 τῆ
3457 2227 3662 2301 πονηρᾷ
3694 2243 3922 2298 προαιο

2245 2309 2383 2389 ρέσει
2455 2311 2659 2379 ἀνάξιος
2710 2315 2912 2394 εὑρέθη·
3004 2315 3170 2378 οὕτω
3248 2313 3614 2393 ἐθελότρεπτον
3671 2317 3828 2382 ζῶον
3892 2310 3921 2363 ὁ

2244 2398 2535 2476 ἅνθρωπος.
2614 2405 2710 2460 Καὶ
2767 2403 2954 2461 λοιπὸν
2997 2403 3288 2482 ἑῤῥέτωσαν
3320 2410 3636 2482 Μανιχαῖοι.
3672 2405 3754 2458 Οὔ
3807 2401 3918 2478 γὰρ

2243 2488 2349 2544 ἀπὸ
2399 2491 2603 2568 φυσεώς
2663 2492 2821 2569 ἐσμεν
2875 2495 3048 2550 κακοί·
3118 2493 3155 2560 ἦ
3184 2495 3284 2572 γὰρ
3315 2490 3374 2548 ἄν
3404 2492 3633 2548 πάντοτε
3662 2491 3904 2567 ὶνήργει

514 2587 570 2639 ἓν
599 2587 731 2656 ἡμῖν
761 2584 1004 2650 ἡκακία,
1037 2591 1139 2640 Νῦν
1192 2581 1250 2637 δὲ
1310 2584 1367 2637 οὐ
1399 2583 1626 2639 πάντοτε
1680 2581 1742 2648 ἧν
1803 2579 1998 2646 Ἰούδας
2060 2583 2244 2651 κακὸς,
2307 2579 2421 2635 ἀλλ’
2484 2582 2572 2655 ἧν,
2629 2585 2716 2642 ὅτε
2768 2587 2835 2653 ἦν
2862 2587 3037 2666 ἅγιος.
3075 2585 3381 2666 Προαιρέσει
3410 2584 3509 2640 ἄνα
3537 2584 3603 2640 τὰ
3632 2583 3783 2638 κακὰ
3819 2580 3914 2634 καὶ

517 2672 778 2728 τίκτονται
807 2673 894 2728 καὶ
938 2671 1266 2736 αὑξάνονται.

1152 2762 1396 2829 CAPUT
1445 2763 1567 2827 VII.

525 2857 834 2932 Quomodo
868 2856 1142 2918 Christus
1170 2857 1510 2919 clanculum
1541 2859 1622 2919 ad
1643 2857 2035 2935 festivitatem
2067 2875 2166 2918 ue-

601 2941 794 3018 nerit.
833 2936 918 2998 De
947 2939 1177 3000 Iudaeis
1207 2940 1598 3017 mirantibus,
1630 2937 1920 3018 quomodo
1952 2938 2164 2999 Chris-

601 3025 697 3079 tus
726 3017 959 3079 litteras
988 3023 1166 3080 sciret
1210 3037 1246 3079 α
1277 3018 1446 3080 nullo
1476 3017 1842 3080 edoctus.De
1860 3019 2164 3079 divisione

595 3099 788 3180 turba:
819 3097 888 3180 ob
922 3098 1251 3161 Christum.
1283 3099 1371 3162 De
1405 3097 1796 3180 ambiguitate
1811 3099 2159 3178 principum
2180 3095 2220 3144 C

597 3187 656 3241 et
685 3177 968 3241 Nicoclem
979 3181 1016 3241 ἰ.

594 3361 775 3423 Vens.
811 3360 930 3424 1-5.
966 3383 995 3417 ι
1025 3357 1386 3422 Versabatur
1403 3359 1576 3424 Jesus
1609 3369 1738 3441 post
1762 3360 1887 3421 haec
1916 3361 1972 3420 in
1997 3357 2157 3422 Gali-

515 3451 622 3511 laea
649 3449 775 3510 Non
799 3448 1030 3510 volebat
1059 3451 1214 3511 enim
1247 3449 1305 3510 in
1336 3448 1541 3512 Judaea
1563 3449 1952 3528 versari,quia
1973 3447 2155 3511 Judaei

514 3539 1002 3621 querebanteum
1029 3538 1391 3602 interﬁcere.
1427 3540 1568 3601 Erat
1596 3548 1790 3599 autem
1819 3539 1877 3599 in
1913 3537 2158 3620 propin-

515 3649 631 3710 quo
649 3630 779 3690 dies
792 3629 972 3690 festus
986 3625 1327 3689 Iudaeorum
1359 3625 2163 3708 ScenOpcgia.Dixeruntigi-

513 3730 607 3782 tur
626 3721 697 3782 ad
731 3738 866 3781 eum
890 3721 1101 3781 fratres
1117 3719 1267 3798 ejus:
1297 3717 1510 3780 Transi
1533 3719 1692 3792 hinc,
1720 3727 1776 3780 et
1799 3718 1942 3780 vade
1961 3718 2021 3779 in
2050 3717 2158 3780 Ju-

512 3811 875 3882 dteam,utet
902 3807 1180 3889 discipuli
1213 3808 1296 3868 tui
1328 3807 1559 3869 videant
1582 3825 1762 3887 opera
1787 3815 1886 3868 tua
1917 3825 2045 3888 quae
2065 3806 2152 3867 fa-

511 3899 617 3961 cis.
646 3899 831 3960 Nemo
863 3897 1084 3977 quippe
1116 3899 1171 3957 in
1205 3898 1440 3959 occulto
1471 3897 1608 3959 iacit
1636 3898 1886 3978 aliquid,
1912 3907 2154 3978 etquae-

510 3991 589 4051 rit
620 3990 747 4069 ipse
780 3989 966 4068 palam
999 4007 1151 4049 esse.
1184 3987 1248 4051 Si
1287 3990 1411 4051 haec
1458 3989 1868 4070 facis,declara
1904 3989 2157 4069 teipsum

511 4078 756 4141 mundo.
791 4075 934 4138 Nam
963 4097 1038 4138 ne
1068 4078 1280 4139 fratres
1314 4078 1551 4159 quidem
1590 4079 1717 4158 ejus
1744 4077 2067 4140 credebant
2095 4080 2159 4140 in

512 4165 1094 4231 eum.»NoluitJesus
1125 4167 1184 4228 in
1215 4168 1417 4230 Judaaa
1445 4169 2026 4249 ambulare,propter
2050 4167 2161 4228 bo-

513 4256 1143 4323 micidasJudaeosmon
1164 4259 1452 4319 uttimens
1473 4266 1981 4338 mortemzpoterat
2001 4259 2160 4319 enim

513 4349 574 4408 in
601 4347 793 4408 medio
825 4346 1064 4408 illorum
1089 4347 1311 4408 illaesos
1340 4347 1778 4421 ambulare;sed
1802 4348 1851 4408 si
1879 4349 1989 4409 hoc
2010 4367 2164 4410 sem-

513 4454 621 4517 per
650 4435 909 4511 fecisset,
938 4454 1056 4496 non
1085 4437 1348 4498 creditus
1370 4437 1576 4498 fuisset
1598 4436 1910 4512 homo,sed
1934 4437 2166 4498 habitus

512 4525 722 4586 luisset
751 4523 1303 4603 phantasma.Unde
1323 4544 1478 4588 nunc
1496 4525 1738 4606 quidem
1761 4527 2160 4600 secedit,con-

512 4613 755 4673 tirmans
789 4611 946 4691 quod
979 4631 1119 4673 vere
1151 4613 1364 4676 homo:
1400 4621 1458 4674 et
1485 4612 1804 4674 confutans
1834 4631 2042 4674 omnes
2065 4611 2165 4693 qui

511 4701 717 4762 dicunt
746 4718 882 4761 eum
913 4700 1241 4762 secundum
1271 4701 1677 4781 apparentiam
1709 4708 1935 4762 tantum
1965 4702 2164 4763 incar-

512 4800 738 4869 natum,
763 4788 915 4850 sicut
943 4789 1276 4865 Manicbzei,
1305 4792 1650 4865 Marcion,et
1680 4789 2060 4864 Basilides,et
2080 4791 2164 4851 si-

514 4880 685 4942 miles
714 4877 1108 4941 dicunt.Alias
1140 4881 1318 4941 etiam
1349 4899 1484 4942 cum
1519 4888 1678 4942 esset
1706 4881 1766 4941 in
1797 4881 2132 4962 medioipso

511 4989 644 5032 rum
677 4968 1099 5030 insanientium
1132 4969 1577 5051 contraipsum,
1611 4971 1888 5032 manebat
1918 4970 2155 5053 illaesus,

514 5070 572 5122 et
595 5057 946 5121 ostendebat
975 5076 1140 5118 suam
1179 5059 1482 5122 deitatem:
1511 5060 1879 5121 confundens
1912 5060 2157 5122 Paulum

511 5151 986 5222 Samosatenum,
1017 5156 1074 5208 et
1109 5148 1332 5210 docens
1361 5168 1571 5210 omnes
1621 5149 1778 5230 quod
1827 5169 1944 5210 non
1978 5169 2159 5229 purus

514 5236 827 5311 homo,sed
854 5245 910 5298 et
931 5235 1087 5298 Deus
1110 5237 1560 5301 fuerit.Secedit
1584 5239 1645 5299 in
1658 5236 1952 5299 Galilaeam
1977 5256 2154 5301 nunc.

513 5328 657 5392 Nam
690 5327 828 5408 quia
849 5327 1112 5388 nondum
1133 5326 1454 5390 advenerat
1475 5335 1707 5408 tempus
1727 5327 2158 5407 Passionis,va-

2894 2777 3120 2830 ΚΕΦΑΛ
3170 2759 3249 2832 Ζζ

2251 2883 2371 2962 Περὶ
2429 2880 2525 2962 τῆς
2585 2873 2886 2962 ἀναϐάσεως
2916 2884 3037 2962 ξου
3119 2871 3339 2962 Κυρίου.
3379 2874 3454 2962 ὡς
3498 2875 3590 2962 ἐν
3674 2873 3904 2962 κρυπτῷ

2331 2951 2402 3025 είς
2460 2961 2557 3028 τὴν
2615 2957 2824 3031 ἑορτήν.
2915 2957 3039 3032 Περὶ
3118 2951 3226 3010 τῶν
3323 2951 3584 3032 Ἰουδαίων
3682 2954 3899 3022 θαυμα-

2327 3045 2545 3114 ζόντων,
2617 3030 2732 3098 πῶς
2781 3037 2809 3092 ὀ
2863 3030 3070 3101 Ἰησοῦς
3127 3034 3415 3112 γράμματα
3472 3030 3588 3114 οἶδε
3633 3032 3715 3105 μῆ
3795 3049 3893 3114 μετ

2326 3109 2603 3197 ιλαθηκῶς.
2663 3118 2785 3195 Περὶ
2841 3122 2934 3173 τοῦ
3003 3109 3311 3197 σχίσματος
3369 3120 3463 3170 τοῦ
3536 3110 3709 3197 ὄχλου
3782 3109 3900 3197 περὶ

2325 3187 2570 3280 Χριστοῦ.
2624 3187 2752 3280 ῌερί
2823 3200 2920 3262 τῆς
2997 3187 3103 3251 τιῖν
3137 3187 3451 3274 -ἀρχόντων
3507 3187 3609 3250 καῖ’
3653 3187 3897 3257 Νικοδή·

2324 3275 2424 3354 μου
2445 3275 2922 3359 ἀμφισϐητήσεως,

2327 3395 2350 3427 ε
2417 3371 2515 3430 Καὶ
2581 3367 2886 3447 περιεπάτει
2939 3366 2969 3422 6
3010 3363 3215 3447 Ἰησους
3247 3363 3382 3439 μετᾶ
3408 3368 3576 3419 ταῦτα
3606 3360 3660 3416 ὲν
3687 3361 3753 3435 τῇ
3787 3365 3906 3415 Γα·

2239 3461 2438 3534 λιλαίᾳ·
2499 3460 2558 3515 οὗ
2619 3445 2719 3536 γᾶρ
2759 3454 2943 3523 ἤθελεν
2971 3456 3026 3510 ἓν
3057 3454 3124 3523 τῆ
3158 3445 3378 3526 Ἰουδαίᾳ
3408 3463 3746 3536 περιπατεῖν,
3815 3448 3900 3504 ὅτι

2241 3528 2455 3622 ἐζήτουν
2509 3528 2666 3604 αὺτὸν
2692 3528 2766 3602 ὀί
2828 3542 3076 3602 Ἰουδαῖοι
3132 3528 3598 3603 ἁποκτεῖναιξἨν
3630 3537 3684 3595 δὲ
3725 3538 3898 3617 ἔγγὺς

2241 3645 2275 3710 ἡ
2334 3638 2491 3718 ἑορτὴ
2543 3637 2649 3694 τῶν
2707 3632 2969 3692 Ἰουδαίων
3024 3636 3058 3702 ἡ
3130 3631 3504 3709 Σκηνοπηγία.
3567 3630 3737 3686 Εἶπον
3807 3626 3900 3684 οὖν

2244 3732 2372 3807 πρὸς
2429 3728 2585 3784 αὐτὸν
2614 3728 2661 3782 οἱ
2691 3723 2902 3804 ἀδελφοὶ
2966 3725 3142 3780 αὐτοῦ·
3177 3719 3443 3788 Μετάϐηθι
3481 3719 3744 3798 ἐντεῦθεν,
3807 3718 3903 3775 καὶ

2239 3821 2408 3897 ὕπαγε
2480 3818 2552 3881 εἷς
2607 3812 2882 3892 Ἰουδαίαν,
2937 3813 3030 3868 ἵνα
3088 3812 3174 3869 καὶ
3204 3813 3254 3868 οἱ
3282 3809 3514 3886 μαθηταί
3559 3831 3652 3865 σου
3679 3809 3898 3887 θεωρῆ-

2240 3930 2373 3964 σωσι
2428 3906 2494 3963 τὰ
2545 3904 2672 3983 ἔργα
2741 3901 2772 3958 ἅ
2825 3914 3029 3966 ποιεῖς·
3084 3899 3247 3964 οὐδεὶς
3305 3900 3404 3978 γὰρ
3458 3901 3515 3955 iv
3563 3904 3786 3976 κρυπτῷ
3845 3917 3896 3952 τι

2241 4009 2414 4072 ποιεῖ,
2473 3994 2567 4051 καὶ
2616 4000 2772 4064 ζητεῖ
2829 3990 2984 4055 αὐτὸς
3041 3990 3095 4046 ἐν
3139 3987 3403 4068 παῤῥησίᾳ
3433 3991 3600 4050 εἶναι,
3636 3987 3695 4043 El
3723 3994 3898 4044 ταῦτα

2242 4099 2442 4158 ποιεῖς,
2503 4082 2803 4163 φανέρωσον
2863 4081 3080 4137 σεαυτὸν
3134 4085 3211 4153 τῷ
3274 4077 3486 4153 κόσμῳ.
3521 4073 3650 4134 Οὐδὲ
3693 4076 3796 4155 γὰρ
3848 4075 3894 4130 οἱ

2245 4173 2455 4255 ἀδελφοὶ
2510 4173 2669 4228 αὐτοῦ
2739 4169 3009 4227 ἐπίστευον
3076 4171 3149 4232 εἷς
3182 4168 3360 4226 αὐτὸν.
3394 4188 3417 4223 ι
3454 4166 3554 4222 Διὰ
3580 4165 3702 4229 τοὺς
3733 4187 3894 4238 μιαι-

2245 4253 2430 4344 φόνους
2467 4260 2743 4323 Ἰουδαίους
2787 4259 3063 4339 ἀναχωρεῖ
3092 4257 3246 4338 (25),
3279 4258 3372 4314 οὐκ
3401 4258 3474 4320 ὡς
3505 4253 3712 4312 δειλιῶν
3756 4255 3893 4331 πρὸς

2191 4357 2338 4439 οτὸν
2385 4353 2626 4409 θάνατον·
2693 4349 2816 4416 ἐνῆν
2875 4350 2975 4427 γὰρ
3033 4348 3187 4404 αὐτὸν
3257 4347 3345 4403 καὶ
3374 4346 3429 4400 ἓν
3502 4344 3651 4421 μέσῳ
3719 4345 3891 4400 αὖτῶν

2249 4453 2586 4517 περιπατεῖν,
2640 4440 2726 4496 καὶ
2799 4435 2966 4514 μηδὲν
3043 4441 3277 4494 παθεῖν·
3367 4431 3487 4492 ἀλλ’
3571 4436 3614 4490 εἰ
3673 4433 3892 4490 τοιαῦτα

2247 4532 2474 4591 πάντοτε
2537 4528 2726 4602 ἐποίει,
2788 4527 2884 4585 οὒκ
2940 4525 3001 4582 ἂν
3075 4525 3377 4600 ἐπιστεύθη,
3445 4522 3531 4580 ὅτι
3621 4521 3890 4602 ἄνθρωπος

2244 4621 2484 4700 γέγονεν,
2556 4617 2692 4674 ἀλλᾶ
2747 4618 3008 4697 φαντασία
3065 4614 3236 4682 ἔδοξεν
3292 4613 3376 4677 ἄν.
3441 4605 3607 4670 ’Ὅθεν
3661 4614 3748 4667 νῦν
3791 4611 3887 4686 μὲν

2247 4707 2623 4767 ὑποστέλλεται
2677 4703 2904 4781 βεϐαιῶν
2961 4706 3048 4762 καὶ
3118 4705 3464 4780 πιστούμενος
3515 4704 3576 4760 τὸ
3634 4701 3888 4782 ἀνθρώπι-

2249 4823 2361 4874 νον,
2420 4799 2509 4854 καὶ
2539 4796 2804 4876 ἐντρέπων
2847 4795 3048 4858 πάντας
3100 4795 3220 4858 τοὺς
3281 4794 3415 4850 κατὰ
3447 4792 3734 4871 φαντασίαν
3791 4792 3881 4847 αὖ·

2247 4891 2336 4946 τὸν
2397 4891 2729 4966 σαρκωθῆναι
2779 4883 3058 4964 λέγοντας,
3130 4884 3395 4962 Μάνεντα,
3441 4882 3748 4960 Μαρκίωνα,
3804 4881 3885 4935 καὶ

2246 4975 2578 5050 Βασιλείδην,
2639 4976 2725 5032 καὶ
2767 4975 2889 5040 τοὺς
2941 4975 3176 5049 ὁμοίους.
3234 4971 3481 5030 ’¹Αλλοτε
3526 4969 3582 5028 δὲ
3624 4970 3786 5028 πάλιν
3835 4972 3886 5025 ἑν

2243 5070 2392 5143 μέσῳ
2447 5065 2520 5123 ὥν
2574 5070 2680 5121 τῶν
2736 5064 3038 5144 φονώντων,
3083 5065 3172 5120 καὶ
3220 5060 3340 5120 κατ’
3385 5065 3542 5119 αἰτοῦ
3584 5061 3888 5120 λυττώντων

2244 5154 2482 5224 ἀϐλαϐὴς
2552 5153 2810 5230 διαμένει,
2871 5155 2957 5210 καί
2995 5152 3219 5210 δείκνυσι
3250 5154 3316 5209 τὰ
3344 5156 3443 5219 τῆς
3473 5150 3752 5225 θεότητος,
3788 5172 3888 5206 κα-

2242 5246 2544 5327 ταισχύνων
2609 5247 2699 5301 τὸν
2761 5242 3076 5318 Σαμοσατέα
3098 5241 3326 5317 Παῦλον,
3359 5241 3448 5297 καί
3496 5241 3686 5297 πείθων
3752 5241 3889 5296 πάν-

2241 5360 2335 5401 τας
2369 5320 2474 5392 ⁷δἐι
2542 5335 2599 5390 οὑ
2647 5331 2802 5408 ψιλὸς
2831 5332 3130 5415 ἅνθρωπος,
3157 5330 3294 5392 ἀλλὰ
3323 5333 3409 5390 καί
3442 5332 3573 5389 Θεὸς
3603 5329 3694 5397 ἦν.
3730 5320 3891 5386 ’Υπο-

1601 5464 1681 5527 Ex
1708 5465 2028 5528 collatione
2057 5468 2232 5531 codd.
2267 5466 2480 5531 Venet.
2514 5467 2575 5525 S.
2610 5463 2816 5526 Marci.

599 5602 747 5680 ('25).
782 5598 967 5661 Codd.
1004 5600 1103 5674 26,
1129 5597 1226 5668 30.
1256 5599 1353 5663 31.
1388 5598 1488 5660 32.
1523 5599 1649 5657 Οὐδὲ
1710 5603 1756 5657 οἱ
1789 5598 1998 5679 ἀδελφοὶ
2052 5606 2152 5661 αὖ·

512 5679 617 5739 του
663 5682 932 5736 ἐπίστευον
989 5681 1063 5742 εἷς
1111 5681 1290 5743 αὐτὸν,
1368 5681 1475 5738 Οὐκ
1537 5679 1721 5748 ἤθελεν
1777 5681 1804 5734 ὁ
1849 5681 2054 5748 Ἰησοῦς
2098 5683 2151 5740 ὲν

514 5768 581 5842 τῆ
653 5758 902 5829 Γαλιλαίᾷ
955 5772 1267 5837 περιπατεῖν
1324 5759 1406 5815 διὰ
1452 5781 1572 5825 υους
1631 5761 1942 5840 μιαιφόνους
2012 5759 2150 5821 ἰου-

2237 5600 2436 5680 δαίους,
2455 5623 2510 5664 κ.
2521 5622 2582 5680 _-c_.
2607 5596 2918 5680 LgNeque
2936 5597 3559 5680 fratg'esquidemeius
3576 5594 3896 5659 credebant

2236 5689 2303 5743 in
2323 5675 2487 5744 eum.
2520 5677 2724 5740 Noluit
2750 5675 2927 5740 Je’sus
2951 5677 3015 5739 in
3038 5675 3276 5740 Galilzea
3305 5675 3615 5757 ambulare
3647 5685 3894 5757 propter

2236 5759 2567 5824 homicidas
2623 5757 2889 5833 Juduoa,
2925 5782 2954 5816 ι
3010 5765 3153 5833 otc.,
3215 5767 3278 5819 ut
3334 5756 3538 5818 habuit
3596 5756 3890 5838 interpres
