4116 6318
504 267 661 352 i323

1475 286 2062 356 THEOPHYLAC'I‘I
2114 283 2518 355 BULGARI/E
2560 286 2919 367 ARCHIEP.

3728 292 3751 354 ἱ
3766 284 3879 358 394

498 422 610 497 liit,
636 424 847 487 dicens
873 446 885 488 :
929 424 1099 485 uErat
1124 435 1320 485 autem
1350 442 1533 505 prope
1571 425 1785 486 festum
1808 424 2137 488 Judaeorun

2239 424 2466 506 κρύπτῃ,
2527 428 2791 507 πρόδηλον
2869 428 2948 486 ὅτι
3012 431 3148 485 κακά
3222 432 3468 504 πράττων
3545 431 3848 508 ἀποκρύπτῃ

496 512 924 593 Ξεθηορεεὶεῗο
958 513 1108 575 Nam
1123 512 1263 572 609
1282 512 1438 593 quod
1464 531 1647 591 opera
1684 514 1947 594 quinque
1975 530 2147 572 men-

498 602 647 663 sium
669 602 729 664 in
760 602 1115 665 intermedio
1146 601 1789 676 siluerit,manifestum
1824 599 2146 663 hinc.Cum

500 690 658 752 enim
694 693 1041 754 miraculum
1060 710 1277 771 panum
1301 690 1545 765 faceret,
1578 690 1804 753 Pascha
1836 689 2147 771 erat,quod

500 778 828 842 habebatur
856 780 1011 862 apud
1040 780 1172 842 illos
1205 780 1392 859 primo
1428 798 1656 860 mense,
1690 798 1867 860 quem
1904 780 2148 840 Romani

498 869 774 933 Martium
806 880 1055 933 vocant:
1091 888 1249 931 nunc
1277 878 1475 932 autem
1536 870 1901 949 ScenOpegia
1943 874 2149 929 m‘ense

499 960 647 1020 ﬁunt
667 956 1222 1040 Septembri.Quare
1254 959 1431 1036 igitur
1460 959 1573 1020 hoc
1603 960 1740 1021 fecit
1757 956 2150 1036 evangelista?

498 1049 583 1111 Eo
605 1049 763 1128 quod
790 1068 906 1110 non
940 1058 1065 1109 erat
1086 1065 1234 1127 Opus
1260 1048 1461 1109 omnia
1479 1045 1935 1110 enumerare.Et
1950 1046 2144 1121 aliter,

499 1137 878 1217 evangelista;
899 1137 999 1199 illa
1019 1136 1374 1199 studuerunt
1402 1136 1882 1217 dicere,propter
1911 1153 2041 1215 qua?
2062 1152 2152 1195 re-

500 1226 818 1304 prehensio
846 1226 1044 1307 aliqua
1071 1225 1162 1287 vel
1193 1224 1579 1287 contradictio
1611 1245 1642 1284 a
1668 1224 1886 1286 Iudaeis
1931 1224 2147 1285 subse-

498 1315 1071 1395 quebatur.Dignum
1105 1324 1300 1377 autem
1334 1322 1425 1377 est
1453 1316 1759 1376 veritatem
1795 1312 2032 1373 illorum
2051 1312 2150 1372 ad-

498 1405 723 1479 mirari,
751 1403 1048 1485 quomodo
1092 1422 1207 1464 non
1252 1403 1607 1465 erubescant
1638 1402 1840 1462 dicere
1882 1401 1980 1462 illa
2020 1420 2149 1481 quae

497 1494 848 1556 videbantur
861 1493 1078 1554 atl‘erre
1098 1492 1481 1571 ignominiam
1505 1492 1820 1572 quamdam
1846 1491 2143 1569 Magistro.

2233 518 2381 579 Τίνος
2436 514 2490 572 δὲ
2533 516 2710 574 ἕνεκεν
2754 519 2807 574 ἒν
2863 533 2979 582 τοῖς
3025 518 3179 575 πέντε
3209 521 3372 594 μησὶν
3415 518 3560 577 οὐδὲν
3605 519 3735 575 ἄλλο
3765 517 3873 585 διη-

2230 605 2540 682 γησάμενος
2591 609 2619 663 6
2678 606 3091 685 εὖαγγελιστὴς,
3150 607 3269 663 ἀλλ’
3326 609 3361 677 ἢ
3435 612 3496 665 τὸ
3555 610 3689 665 κατά
3758 610 3872 671 τοὺς

2233 693 2418 770 ἄρτους
2479 709 2733 770 σημεῖον,
2794 697 2883 752 καὶ
2934 697 3031 765 τὴν
3089 698 3216 773 πρὸς
3259 700 3381 760 τοὺς
3420 698 3708 777 φαγόντας,
3756 701 3872 754 εἶτα

2232 783 2668 862 ἀγνωμονοῦντας
2761 785 2879 863 (26)
2958 792 3063 868 τοίἱ
3129 786 3313 863 Κυρίου
3383 785 3631 868 διάλεξιν,
3706 786 3871 843 τᾶλλα

2231 871 2654 949 ὑπερεπήδησεν,
2688 862 2850 929 εἰπών
2877 895 2890 908 ο
2958 898 2983 927 α
3035 862 3129 929 Ἠν
3288 874 3445 953 ἐγγὺς
3472 877 3506 942 ἡ
3560 862 3715 954 ἑορτὴ
3770 881 3869 930 τῶν

2235 959 2496 1017 Ἰουδαίων
2528 964 2560 1029 ἡ
2607 962 2957 1040 Σκηνοπηγία
2993 978 3010 1036 ;
3060 991 3081 1021 ι
3134 953 3262 1020 ’Ὁτι
3295 950 3393 1041 γάρ
3424 962 3506 1019 διὰ
3529 950 3691 1037 μέσου
3720 950 3870 1021 πέντε

2232 1055 2416 1124 μηνῶν
2476 1049 2601 1129 ἔργα
2661 1051 3037 1131 ἀπεσιώπησε,
3096 1049 3257 1118 δῆλον
3296 1052 3550 1115 ἐντεῦθεν,
3600 1046 3742 1111 ’Ὅτε
3776 1053 3873 1128 μὲν

2233 1139 2332 1216 γὰρ
2387 1140 2448 1194 τὸ
2510 1143 2681 1215 Θαῦμα
2744 1138 2949 1221 ἐτέλεσε
2994 1148 3098 1196 τὼν
3144 1139 3335 1220 ἅρτῶν,
3384 1142 3578 1221 Πάσχα
3608 1143 3699 1220 ἦν,
3744 1141 3871 1221 ὅπερ

2231 1228 2365 1281 κατὰ
2420 1229 2510 1282 τὸν
2563 1229 2705 1305 παρά
2766 1220 3043 1303 Ῥωμαίοις
3119 1229 3346 1309 Μάρτιον
3403 1220 3547 1304 μῆνα
3612 1220 3869 1311 ἐτελεῖτο,

2232 1318 2438 1391 πρῶτον
2510 1315 2632 1394 παρ’
2701 1316 2919 1379 ἒκείνοις
2987 1316 3315 1392 καλούμενον
3373 1323 3517 1392 μῆνα
3553 1337 3565 1350 '

2232 1406 2601 1482 Σκηνοπηγία,
2635 1404 2671 1471 ἢ
2730 1406 3027 1461 συνίσταται
3082 1408 3213 1462 κατὰ
3256 1409 3346 1462 τὸν
3389 1406 3514 1485 παρ’
3559 1411 3692 1483 ἡμῖν
3722 1417 3869 1464 Σεπ-Δ

3626 1322 3712 1375 νῦν
3753 1319 3806 1375 δὲ
3837 1323 3867 1387 ᾗ

2229 1490 2500 1571 τέμϐριον,
2537 1496 2681 1549 Διατί
2730 1494 2818 1549 οὖν
2862 1502 3015 1551 τοῦτο
3058 1494 3308 1562 ἐποίησεν
3351 1498 3377 1552 6
3438 1497 3863 1575 εὐαγγελιστὴς;

500 1580 666 1644 Unde
696 1581 1053 1661 evangelista
1080 1581 1264 1642 multa
1299 1581 1584 1642 miracula
1612 1589 1668 1641 et
1701 1581 1880 1641 verba
1908 1579 2137 1641 Domini

2230 1582 2369 1637 Διότι
2430 1582 2524 1639 οὐκ
2615 1586 2738 1648 ὲνῆν
2818 1583 3024 1639 ἅπαντα
3104 1584 3436 1663 καταλέγειν.
3496 1585 3727 1647 ’Ἄλλως
3788 1610 3865 1659 τε,

498 1681 938 1747 tvanscurrens,
964 1670 1372 1732 infidelitatem
1399 1669 1645 1732 fratrum
1680 1679 1737 1730 et
1766 1687 1836 1732 ea
1885 1688 2015 1749 quae
2058 1668 2137 1729 illi

2225 1672 2405 1728 ἐκεῖνα
2462 1671 2635 1749 λέγειν
2707 1671 3090 1732 ἴεσποώάκασιν
3144 1679 3188 1729 οἱ
3259 1674 3655 1755 εὒαγγεὶισταὶ,
3739 1680 3868 1755 ὑπὲρ

495 1761 1125 1842 opprolirant,narrat.
1160 1757 1329 1821 Unde
1360 1768 1554 1821 autem
1587 1757 1692 1820 illa
1714 1758 2137 1819 incredulitas?

2224 1763 2297 1815 ὧν
2348 1761 2548 1836 μέμψις
2605 1761 2641 1829 ἢ
2706 1761 2977 1840 ἀντιλογία
3050 1784 3130 1827 τις
3216 1765 3353 1841 παρὰ
3420 1770 3527 1819 τῶν
3612 1764 3868 1824 Ἰουδαίων

496 1850 574 1915 Ex
599 1850 900 1912 voluntate
930 1859 989 1910 et
1016 1849 1253 1910 invidia.
1287 1849 1492 1910 Solent
1523 1847 1681 1910 enim
1715 1847 1945 1925 cognati
1975 1864 2140 1908 sem-

498 1958 603 2020 per
630 1940 920 2002 invidere.
952 1937 1376 2001 Verumtamen
1398 1936 1641 1999 attende
1669 1936 1822 2017 quod
1857 1936 1956 2017 qui
1984 1944 2144 1998 tanta

494 2030 843 2091 infidelitate
869 2028 1061 2090 aﬂ'ecti
1084 2035 1250 2088 erant
1271 2028 1328 2087 in
1364 2027 1527 2088 illum
1550 2038 1864 2106 antequam
1895 2026 2139 2090 cruciﬁ-

494 2126 754 2197 geretur,
789 2137 921 2179 cum
946 2121 1123 2179 etiam
1156 2116 1352 2197 ipsum
1385 2116 1707 2195 gloriosum
1760 2114 2048 2187 viderent,
2082 2125 2144 2177 et

496 2208 781 2270 miracula
810 2208 1148 2281 facientem,
1185 2213 1315 2285 post
1343 2223 1583 2267 crucem
1610 2212 1667 2263 et
1710 2203 2140 2282 ignobilitatem

493 2315 625 2377 quae
652 2295 1098 2374 videbatur,pro
1129 2292 1258 2373 ipso
1282 2291 1685 2354 testimonium
1710 2292 2142 2369 tulerunt,apo-

494 2386 628 2447 stoli
649 2394 707 2447 et
737 2384 1156 2464 pmdicatores
1196 2391 1255 2443 et
1297 2379 1563 2461 episcopi
1617 2379 1773 2440 facti.
1813 2378 1983 2442 Unde
2013 2379 2144 2440 sine

494 2472 966 2537 contradictione
1006 2471 1173 2532 illum
1220 2471 1627 2531 resurrexisse
1660 2466 1953 2530 viderunt.
2013 2466 2142 2528 Non

493 2562 653 2622 enim
678 2560 1090 2640 exposuissent
1110 2578 1175 2620 se
1201 2576 1309 2640 pro
1337 2557 1583 2633 illo,nisi
1612 2564 1774 2617 certa
1794 2556 2060 2635 quaedam
2087 2564 2144 2615 et

492 2651 681 2712 solida
714 2649 1060 2713 habuissent
1084 2654 1429 2726 argumenta
1448 2644 1524 2706 de
1539 2644 1667 2724 ejus
1684 2644 2138 2706 resurrectione.

2223 1848 2710 1927 παρηκολούθησεν,
2779 1849 2984 1915 ’Ἄξιον
3043 1850 3093 1907 δὲ
3150 1854 3413 1927 θαυμάσαι
3481 1855 3542 1909 τὸ
3581 1854 3867 1933 φιλάληθες

2225 1937 2417 2008 αὗτῶν,
2473 1938 2588 2001 πῶς
2639 1940 2733 1994 οὐκ
2786 1940 3122 2018 αίσχύνονται
3168 1939 3342 2017 λέγειν
3393 1949 3580 2011 ταῦτα,
3634 1942 3667 1998 ἂ
3721 1942 3871 2000 δοκεῖ

2225 2026 2426 2092 ἀδοξίαν
2500 2028 2607 2089 τινὰ
2660 2026 2923 2107 ἐπιφέρειν
2980 2036 3056 2103 τῷ
3143 2028 3476 2103 Διδασκάλῳ.
3549 2029 3726 2088 Πολλὰ
3781 2034 3871 2089 οὖν

2226 2114 2580 2195 παραδραμὼν
2653 2118 2737 2172 καὶ
2792 2118 3036 2191 θαύμακα
3115 2119 3198 2174 καὶ
3267 2118 3480 2194 ῥήματα
3535 2129 3626 2177 τοῦ
3688 2123 3870 2199 Κυρίου

2225 2207 2253 2261 6
2311 2205 2712 2284 εὒαγγελιστὴς,
2760 2206 2858 2271 τὴν
2917 2207 3159 2261 ἀπιστίαν
3200 2207 3307 2263 τῶν
3364 2205 3599 2287 ἀδελφῶν
3652 2207 3870 2287 διηγεῖ-

2225 2316 2333 2373 ται,
2387 2316 2475 2349 και
2522 2292 2618 2350 ὅσα
2646 2293 3044 2372 προσωνείδιζον
3076 2296 3243 2370 αὐτῷ,
3290 2297 3451 2353 Πόθεν
3494 2295 3545 2352 δὲ
3605 2302 3789 2361 αὐτοῖς
3838 2303 3868 2366 ἦ

2224 2384 2455 2448 τοσαύτη
2512 2382 2780 2455 ἀπιστία;
2847 2381 2983 2439 Ἀπὸ
3056 2384 3407 2462 προαιρέσεως
3466 2388 3554 2441 καὶ
3628 2388 3815 2466 φθόνου
3850 2410 3862 2421 ³

2223 2472 2285 2526 τὸ
2329 2471 2428 2549 γὰρ
2474 2472 2748 2548 συγγενὲς,
2795 2472 2953 2527 εἴωθέ
3007 2494 3120 2537 πως
3166 2473 3244 2529 ἀεὶ
3275 2470 3685 2553 διαφθονεϊσθαι,
3722 2475 3864 2545 Πλὴν

2225 2560 2433 2635 σκόπει,
2503 2557 2583 2614 ὅτι
2627 2561 2886 2626 τοσαύτην
2927 2560 3172 2617 ἀπιστίαν
3196 2561 3416 2642 ἔχοντες
3448 2565 3547 2641 πρὸ
3577 2570 3669 2620 τοῦ
3699 2586 3862 2621 σταυ-

2224 2654 2314 2725 ροῦ
2372 2648 2443 2706 εἷς
2503 2647 2682 2720 αὖτὸν,
2742 2647 2830 2703 ὅτε
2900 2650 2985 2703 καὶ
3042 2647 3246 2715 ⁴ἔνδοξον
3319 2652 3474 2708 αὒτὸν
3524 2651 3721 2730 ἐώρων,
3780 2660 3865 2712 καὶ

498 2742 741 2816 θαύματα
768 2738 1042 2809 ποιοῦντα,
1078 2739 1213 2813 μετὰ
1241 2738 1333 2792 τόν
1364 2737 1584 2814 σταυρὸν
1612 2736 1700 2790 καὶ
1731 2735 1827 2800 τὴν
1857 2733 2109 2790 δοκοῦσαν
2151 2734 2354 2801 ἀδοξίαν
2384 2736 2514 2815 ὑπὲρ
2548 2738 2701 2793 αὐτοῦ
2731 2737 3123 2818 ἐμαρτύρησαν,
3154 2738 3465 2810 ἀπόστολοι,
3496 2741 3582 2796 καὶ
3611 2744 3859 2819 κήρυκες,

464 2868 485 2877 μ
499 2832 584 2885 καὶ
617 2829 892 2908 ἀρχιερεῖς
921 2828 1216 2904 γενόμενοι.
1258 2816 1422 2882 ’Ὅθεν
1454 2822 1842 2901 ἀναντιῤῥήτως
1875 2825 2030 2879 αὖτὸν
2062 2825 2357 2885 ἀναστάντα
2388 2825 2704 2902 ἑωράκασιν,
2738 2829 2810 2884 Οὐ
2841 2828 2943 2903 γὰρ
2965 2825 3026 2883 ἂν
3058 2816 3185 2907 ὑπὲρ
3217 2831 3372 2886 αὖτοῦ
3417 2816 3702 2886 δεδώκασιν
3734 2816 3860 2889 ἐαυέ

491 2921 631 2990 τοὺς,
670 2921 712 2975 εί
758 2918 833 2992 μὴ
863 2913 1075 2992 βεϐαίαν
1103 2915 1201 2982 τὴν
1234 2916 1350 2991 περὶ
1380 2918 1478 2979 τῆς
1502 2912 1835 2976 ἀναστάσεως
1868 2914 2026 2970 αὐτοῦ
2054 2912 2414 2993 πληροφορίαν
2440 2911 2701 2979 ἐδέξαντο.

573 3007 755 3068 Vens.
784 3002 1122 3068 6—8.-Dicit
1149 3021 1288 3081 ergo
1308 3000 1396 3064 eis
1413 3001 1611 3064 Jesus:
1643 3001 1904 3081 Tempus
1935 3019 2133 3062 meum
2153 3012 2193 3062 C

492 3096 755 3157 nondum
786 3094 973 3167 adest,
1001 3102 1238 3171 tempus
1278 3098 1473 3152 autem
1499 3100 1752 3152 vestrum
1783 3107 2023 3170 semper
2050 3099 2141 3151 est

464 3184 922 3265 .paratum.Non
945 3180 1408 3261 potestmundus
1430 3179 1625 3240 odisse
1653 3197 1776 3239 vos:
1814 3197 1909 3241 me
1937 3187 2134 3241 autem

491 3277 639 3350 odit,
668 3275 804 3356 quia
833 3292 941 3352 ego
974 3270 1384 3334 testimonium
1399 3269 1527 3332 fero
1546 3269 1745 3351 dcillo
1767 3268 1922 3350 quod
1954 3287 2138 3350 opera

491 3366 620 3444 ejus
649 3365 803 3425 mala
831 3362 1094 3424 sint.Vos
1120 3358 1425 3421 ascendite
1440 3358 1513 3419 ad
1534 3357 1693 3418 diem
1715 3357 1927 3419 festum
1950 3358 2132 3439 hunc,

493 3472 601 3532 ego
628 3452 887 3514 nondum
911 3450 1169 3512 ascendo
1200 3448 1273 3510 ad
1307 3447 1524 3509 festum
1577 3446 1713 3519 hoc,
1746 3448 1881 3527 quia
1934 3465 2129 3509 meum

488 3554 721 3623 tempus
752 3540 1011 3602 nondum
1059 3537 1367 3619 impletum
1401 3544 1510 3598 est.
1552 3560 1576 3594 ι
1624 3534 1857 3599 Fratres
1887 3537 2128 3616 quidem

487 3633 739 3695 Domino
770 3628 1385 3706 invidentes,arguunt
1406 3643 1540 3687 eum
1569 3633 1758 3686 metus
1784 3631 2130 3705 etarrogan-

486 3719 714 3783 tiallle
742 3728 942 3780 autem
974 3716 1115 3797 quid
1146 3715 1291 3777 dicit
1321 3714 1393 3776 ad
1425 3716 1554 3776 eos?
1579 3732 1718 3776 num
1753 3712 1903 3776 dure
1933 3714 2128 3795 loqui-

485 3809 613 3871 tur?
644 3807 912 3877 minime,
947 3805 1053 3868 sed
1082 3812 1408 3867 mansuete.
1440 3801 1567 3865 Non
1600 3803 1759 3864 enim
1792 3802 1935 3865 dixit
1967 3825 1980 3866 :
2008 3805 2131 3865 Vos

484 3899 584 3978 qui
609 3896 779 3972 estis,
806 3893 907 3974 qui
938 3892 1078 3957 talia
1104 3893 1246 3954 mihi
1273 3892 1610 3972 consulitis,
1644 3899 1702 3973 et
1744 3890 1826 3952 ita
1867 3891 2132 3953 docetis?

482 3986 600 4047 Sed
627 3984 768 4067 quid
800 3981 1073 4063 inquit‘h
1098 3980 1359 4061 Tempus
1382 3999 1576 4042 meum
1609 3980 1871 4041 nondum
1896 3980 2123 4048 adest.»

484 4076 596 4137 hoc
618 4083 708 4136 est
736 4073 934 4135 crucis
964 4080 1021 4133 et
1053 4071 1281 4132 mortis.
1310 4068 1609 4150 «Tempus
1639 4078 1836 4131 autem
1871 4076 2125 4131 vestrum

482 4181 720 4244 semper
749 4172 839 4224 est
868 4170 1156 4242 paratum.
1197 4184 1221 4215 ι
1260 4157 1402 4233 Vos,
1435 4158 1646 4239 inquit,
1703 4157 1932 4220 etiamsi
1963 4177 2125 4219 sem-

485 4271 590 4332 per
619 4271 753 4313 rum
773 4251 991 4315 Judaeis
1022 4247 1564 4321 conveneritis,non
1596 4247 1875 4310 occident
1894 4246 1979 4308 illi
1998 4266 2123 4324 vos,

482 4343 583 4421 qui
613 4340 820 4403 eadem
874 4338 1184 4401 sectamini
1222 4354 1355 4415 quae
1383 4336 1507 4397 illi:
1546 4353 1641 4396 me
1689 4344 1884 4397 autem
1931 4336 2123 4396 statim

2304 3027 2332 3058 α
2380 3002 2532 3081 Λέγει
2588 3006 2675 3060 οὖν
2734 3006 2915 3067 αὐτοῖς
2971 3007 2998 3061 6
3046 3002 3250 3071 Ἰησοῦς
3293 3021 3307 3035 ⁶
3357 2996 3414 3064 Ὀ
3443 3030 3628 3088 καιρος
3663 3013 3690 3067 6
3734 3011 3861 3086 ἐμὸς

2220 3092 2368 3149 οὔπω
2398 3092 2671 3171 πάρεστιν,
2706 3094 2733 3149 6
2781 3090 2835 3148 δὲ
2866 3094 3045 3171 καιρὸς
3090 3095 3116 3149 6
3171 3091 3421 3173 ὑμέτερος
3451 3098 3679 3156 πάντοτέ
3722 3100 3861 3156 ἐστιν

2219 3170 2582 3253 ἕτοιμοςροῦ
2639 3179 2849 3238 δύναται
2906 3183 2933 3238 6
2961 3170 2967 3171 ⁷
2992 3180 3193 3256 κόσμος
3238 3170 3420 3254 μισεῖν
3451 3170 3610 3260 ὑμὲς,
3668 3188 3762 3263 ἐμὲ
3806 3188 3859 3246 δὲ

2219 3281 2393 3343 μισεῖ,
2471 3267 2551 3324 ὅτι
2640 3268 2750 3346 ἐγὼ
2833 3276 3081 3348 μαρτυρῶ
3114 3338 3125 3346 ο
3167 3273 3282 3341 περὶ
3360 3274 3538 3348 αὐτοῦ,
3612 3274 3692 3333 ὅτι
3799 3281 3861 3334 τὰ

2217 3357 2345 3436 ἔργα
2431 3356 2588 3417 αὺτοῦ
2669 3359 2874 3437 πονηρά
2956 3357 3122 3417 ἐστιν.
3206 3348 3394 3435 ’Υμεῖς
3466 3360 3693 3431 ἀνάϐητε
3788 3370 3861 3433 εἷς

2215 3448 2315 3514 τὴν
2371 3447 2559 3525 ἑορτὴν
2613 3448 2809 3514 ταύτην
2844 3466 2859 3481 ⁸
2919 3446 3026 3525 ἐγὼ
3080 3447 3227 3505 οὔπω
3290 3447 3554 3509 ἀναϐαίνω
3621 3455 3695 3517 είς
3762 3457 3857 3524 τὴν

2215 3535 2403 3614 ἑορτὴν
2457 3535 2678 3615 ταύτην,
2770 3534 2851 3593 ὅτι
2926 3539 2954 3592 6
3039 3539 3223 3617 καιρὸς
3280 3540 3308 3594 6
3364 3538 3495 3614 ἐμὸς
3551 3540 3699 3599 οὔπω
3752 3566 3857 3601 πε-

2211 3623 2513 3702 πλήρωται.
2582 3647 2610 3679 ι
2660 3627 2720 3683 Οἱ
2785 3625 2885 3700 μὶν
2954 3624 3191 3705 ἀδελφοὶ,
3250 3634 3327 3702 τῷ
3386 3628 3556 3703 Κυρίῳ
3606 3634 3858 3710 φθονῶν-

2210 3734 2322 3791 τις,
2382 3711 2694 3790 ἐγκαλοῦσιν
2756 3715 2898 3788 αὐτῷ
2955 3712 3151 3771 δειλίαν
3206 3715 3318 3791 ἅμα
3379 3719 3468 3774 καὶ
3527 3718 3853 3792 ἀλαζονείαν.

2211 3801 2453 3865 Ἐκεῖνος
2484 3798 2539 3857 δὲ
2582 3803 2632 3858 τί
2661 3825 2792 3882 φησι
2822 3804 2955 3880 πρὸς
2986 3804 3175 3868 αὐτούς
3210 3824 3226 3884 ς
3261 3793 3391 3884 Ἀρα
3416 3807 3662 3887 τραχέως
3694 3812 3855 3889 φθέγ-

2211 3911 2404 3975 γεταις
2467 3890 2538 3945 ίὶῦ
2598 3891 2698 3965 μὲν
2753 3891 2869 3966 οὖν,
2923 3890 3059 3948 ἀλλὰ
3112 3894 3318 3971 πράως.
3365 3898 3438 3953 Οὔ
3507 3898 3606 3975 γὰρ
3650 3899 3804 3955 εἶπεν
3837 3919 3857 3937 ⁸

2216 3971 2403 4055 ’Υμετς
2446 3981 2583 4045 τίνες
2628 3981 2772 4057 ἐστὲ,
2834 3984 2882 4038 οἱ
2938 3979 3383 4057 συμϐουλεύοντες
3416 3971 3589 4041 ταῦτα
3633 3990 3721 4044 καὶ
3770 3987 3855 4045 δι-

2212 4067 2490 4134 δάσκοντες
2522 4085 2539 4143 ;
2571 4068 2739 4126 Ἀλλά
2768 4070 2818 4126 τί
2847 4092 3009 4137 ωησιν
3039 4089 3054 4150 ;
3107 4091 3131 4127 α
3171 4061 3228 4129 Ὀ
3272 4074 3449 4151 καιρὸς
3480 4075 3508 4129 6
3549 4074 3679 4150 ἐμὸς
3709 4076 3858 4135 οὔπω

2211 4157 2461 4221 πάρεστιν
2494 4176 2512 4193 ·
2552 4181 2575 4215 n
2631 4157 2924 4239 τουτέστιν,
2971 4159 3000 4215 6
3041 4169 3136 4218 τοῦ
3202 4168 3424 4238 σταυροῦ
3464 4163 3551 4221 καὶ
3607 4172 3702 4221 τοῦ
3756 4170 3857 4223 θα-

2211 4247 2369 4305 νάτου
2402 4262 2416 4277 ·
2467 4267 2497 4328 _c
2533 4250 2560 4303 6
2609 4245 2664 4303 δὲ
2690 4249 2875 4326 καιρὸς
2925 4250 2954 4305 6
2996 4247 3249 4328 ὑμέτερος
3279 4251 3507 4307 πάντοτέ
3536 4250 3680 4309 ἑστιν
3710 4253 3855 4312 ἕτοι-

2211 4358 2335 4410 μος.
2388 4359 2414 4394 ι
2465 4325 2651 4412 ’Υμεϊς
2695 4325 2831 4416 γὰρ,
2864 4340 3017 4416 φησὶ,
3060 4325 3169 4395 κᾶν
3202 4339 3281 4394 ἀεὶ
3325 4344 3515 4408 συνῆτε
3563 4342 3687 4407 τοῖς
3718 4345 3852 4403 Ἰου-

479 4408 735 4491 occisuri
759 4427 973 4502 sunt,si
1003 4408 1532 4507 quidem'viderunt
1551 4423 1623 4484 ad
1642 4425 1855 4485 festum
1878 4425 2126 4486 venien-

2221 4423 2406 4505 Βαίοις,
2462 4426 2558 4483 οὒκ
2612 4427 2985 4504 ἀναιρήσουσιν
3053 4429 3187 4503 ὑμᾶς
3260 4429 3327 4484 τὰ
3385 4428 3516 4486 αὒτά
3569 4430 3857 4501 ζηλοῦντας

481 4516 737 4581 tem.Vel
770 4515 1018 4577 etaliter
1047 4516 1159 4575 hoc
1192 4512 1824 4591 intelligendumNam
1857 4514 1954 4593 qui
1981 4513 2125 4574 bea-

481 4617 570 4667 tos
589 4607 729 4669 facit
760 4605 1026 4683 lugentes
1049 4603 1110 4664 in
1137 4605 1248 4664 hoc
1278 4600 1750 4681 szeculo,similia
1778 4609 1837 4662 et
1857 4621 2015 4663 nunc
2034 4602 2126 4662 lo-

479 4694 771 4775 quitur,et
790 4712 923 4774 quae
939 4692 1011 4753 ad
1031 4710 1238 4754 omnes
1261 4699 1496 4751 sanctos
1530 4690 1831 4771 pertinere
1855 4698 2123 4772 poSsunt.

479 4782 609 4845 Non
640 4792 730 4845 est
757 4779 1169 4860 enim,inquit,
1197 4789 1429 4854 tempus
1481 4777 1833 4853 festivitatis,
1867 4798 1999 4840 cum
2031 4780 2123 4842 vi-

481 4874 651 4934 deam
678 4872 738 4933 in
765 4870 1136 4951 plenitudine
1163 4868 1502 4932 Iudaeorum
1520 4886 1760 4929 omnem
1774 4868 1971 4948 vigere
1995 4886 2126 4929 ma-

479 4964 919 5024 titiam.Luctus
941 4959 1100 5022 enim
1131 4972 1185 5021 et
1216 4958 1458 5021 lamenti
1488 4966 1994 5037 tempusest,cum
2025 4976 2125 5018 ve-

478 5052 634 5113 ritati
660 5049 903 5131 quidem
929 5047 1468 5127 obsistitur,divina
1488 5054 1682 5107 autem
1708 5046 1974 5108 voluntas
2005 5064 2123 5107 non

390 5215 397 5221 _
479 5154 769 5206 servatur.
803 5137 985 5219 Igitur
1014 5148 1255 5218 propter
1291 5138 1414 5198 haec
1448 5134 1593 5196 mihi
1626 5154 1744 5196 non
1771 5144 1859 5197 est
1889 5145 2122 5213 tempus

479 5229 807 5291 festivitatis
833 5249 846 5290 :
882 5236 939 5289 at
968 5246 1072 5288 vos
1101 5226 1345 5307 quidem
1379 5233 1585 5305 utpote
1616 5224 1715 5305 qui
1745 5242 1881 5286 cum
1902 5224 2123 5287 Judzeis

481 5318 854 5399 conspiratis,
887 5326 947 5379 et
975 5321 1204 5380 mundo
1224 5315 1445 5381 addicti
1461 5314 1628 5390 estis,
1663 5334 1781 5376 non
1828 5315 2040 5376 mirum
2071 5314 2121 5374 si

2210 4516 2392 4603 αίποτς
2425 4532 2441 4551 ⁸
2497 4516 2594 4590 εμὲ
2652 4513 2705 4571 δὲ
2763 4515 2952 4583 εὐθέως
3008 4517 3356 4592 βουλήσονται
3380 4518 3640 4603 ένελεϊν,
3702 4523 3857 4603 εἴπερ

2212 4600 2397 4660 ἴδωσιν
2448 4589 2534 4668 είς
2581 4604 2678 4671 τὴν
2736 4604 2924 4682 ἑορτὴν
2971 4589 3315 4684 ἀίρικόμινον,
3380 4589 3455 4663 μΟ
3533 4589 3639 4666 καὶ,
3677 4589 3853 4676 ἄλλως

2210 4690 2427 4757 νοητὲον
2486 4695 2661 4756 τοῦτο.
2722 4684 2777 4750 ’0
2836 4693 2935 4772 γὰρ
2994 4694 3296 4773 μακαρίζων
3356 4697 3477 4759 τοὺς
3538 4701 3852 4765 πενθοῦντας

2210 4780 2296 4836 ἐπὶ
2345 4790 2438 4841 τοῦ
2492 4783 2753 4859 παρόντος
2808 4783 3021 4857 αἷῶδος,
3066 4782 3330 4841 ἀκόλουθα
3378 4787 3464 4841 καὶ
3492 4788 3598 4844 νυνὶ
3625 4789 3850 4868 φθέγγε-

2210 4891 2318 4948 ται,
2364 4871 2453 4927 καὶ
2482 4871 2555 4936 εἰς
2605 4872 2808 4935 πάντας
2852 4872 2975 4935 τοὺς
3033 4872 3209 4950 ἁγίοδς
3254 4870 3515 4949 δυνάμενα
3542 4874 3848 4940 διαϐαίνειν.

2210 4959 2315 5015 Οὐκ
2374 4958 2484 5015 ἔστι
2544 4960 2669 5039 γὰρ,
2729 4963 2914 5040 φησὶν,
2974 4962 3106 5036 ὶμὸς
3161 4963 3345 5041 καιρὸς
3386 4961 3595 5044 ἑορτῆς,
3627 4965 3714 5022 ὅτε
3745 4968 3853 5028 ὁρῶ

2207 5052 2379 5103 πᾶσαν
2436 5048 2623 5104 κακίαν
2709 5047 3197 5125 ὶμπολιτευομένην
3262 5057 3339 5125 τῷ
3414 5058 3520 5108 τῶν
3587 5052 3853 5112 Ἰουδαίων

2205 5134 2550 5211 πληρώματι.
2598 5139 2800 5216 Θρήνου
2843 5138 2942 5215 γὰρ
3004 5139 3093 5194 καὶ
3147 5139 3366 5204 πένθους
3437 5144 3645 5221 καιρὸς,
3703 5142 3852 5212 ἀλη-

2203 5224 2343 5288 θείας
2401 5224 2498 5299 μὲν
2553 5225 2995 5305 ἀπεληλαμίνης,
3056 5227 3149 5284 τοῦ
3230 5226 3285 5284 δὲ
3353 5231 3492 5286 θείου
3545 5229 3849 5308 θελήματος

2205 5316 2265 5372 οὐ
2305 5320 2645 5392 κρατοῦντος,
2722 5317 2818 5372 Διά
2878 5325 3039 5375 ταῦτα
3096 5315 3183 5374 οὖν
3239 5317 3368 5390 ἐμὸς
3427 5321 3608 5398 καιρὸς
3659 5322 3848 5401 ἑορτῆς

1558 5484 1642 5546 Ex
1671 5483 1987 5546 collatione
2017 5481 2193 5545 codd.
2222 5480 2430 5543 Venet.
2470 5479 2533 5546 S.
2569 5472 2773 5547 Marci;

562 5648 679 5726 )6}
718 5646 865 5737 Ctld.
891 5646 986 5720 31,
1022 5648 1145 5703 εἶτα
1190 5645 1557 5716 ὀνειδίζοντας.
