4116 6318
402 414 555 480 1327
1361 419 1946 485 THEOPHYLACTI
1992 418 2402 481 BULGARIE
2447 414 2801 481 ARCHIEP.
3628 411 3789 477 1328

398 548 505 611 illo
539 558 784 630 propter
806 560 1027 612 metum
1056 551 1419 616 Judaaorum.
1460 580 1486 610 ››
1526 554 1651 615 Prae
1697 556 1879 615 multo
1912 554 2007 613 odi

2096 550 2215 609 ιδιὰ
2269 554 2361 609 τὸν
2418 550 2579 633 φόϐον
2636 558 2742 609 τῶν
2785 551 3074 615 Ἰουδαίων,
3125 573 3153 612 ι
3193 550 3329 609 Ἀπὸ
3371 550 3575 609 πολλοῦ
3604 552 3789 625 μίσους

392 638 582 700 Judaei
607 642 783 701 etiam
818 658 1037 701 nomen
1086 639 1215 720 ejus
1246 660 1363 703 non
1397 641 1870 721 proferunt.Non
1892 643 2007 703 enit

2136 643 2183 697 οἱ
2261 639 2504 699 Ἰουδαῖοι
2592 638 2707 698 οὐδὲ
2791 644 2882 697 τοῦ
2959 642 3219 716 ὀνόματος
3276 640 3433 696 αὖτοῦ
3486 639 3789 714 μέμνηται,

393 725 597 789 dicunt
628 745 641 790 :
667 726 777 790 Ubi
811 737 898 789 est
917 727 1121 791 Jesus?
1151 730 1277 810 sed,
1319 755 1345 786 α
1370 729 1483 794 Ubi
1511 742 1599 793 est
1632 732 1763 793 ille?
1800 757 1822 785 »
1875 733 1959 793 lta
1991 752 2007 790 ε

2133 732 2206 786 Οὐ
2261 732 2361 807 γὰρ
2417 730 2652 810 λέγουσι,
2705 732 2813 785 Ποῦ
2858 730 2999 786 ἐστιν
3050 731 3077 785 ὃ
3132 728 3338 795 Ἰησοῦς
3372 748 3388 808 ;
3424 728 3582 806 ἀλλὰ,
3616 749 3638 781 ε
3681 734 3790 785 Ποῦ

388 814 504 895 ipsi
535 816 662 896 ejus
708 817 937 878 nomini
974 818 1462 883 adversabantur.
1495 820 1823 883 Considera
1846 830 2007 881 auter

2129 818 2270 875 ἐστιν
2329 819 2535 880 ἐκεῖνος
2571 843 2588 891 ;
2627 842 2654 873 ιο
2704 820 2842 876 οὕτω
2895 822 2979 876 καὶ
3036 828 3113 891 τῷ
3171 819 3392 892 ὀνόματι
3438 819 3595 873 αἰτοῦ
3638 816 3786 891 ψιλῷ

390 922 564 984 quam
597 904 748 966 avidi
780 905 1001 967 fuerint
1032 909 1234 982 caedis,
1271 928 1403 970 cum
1431 928 1623 990 neque
1672 928 1777 989 per
1810 918 2007 988 tempu

2125 908 2526 987 ἀπηχθάνοντο.
2593 910 2788 965 Σκόπει
2876 907 2931 963 δέ
3016 931 3104 982 μοι
3177 910 3261 963 καὶ
3318 908 3414 974 τὴν
3472 907 3779 985 μιαιφονίαν

388 991 711 1055 festivitatis
742 994 829 1055 illi
885 1006 1217 1077 parcerent,
1252 998 1354 1059 sed
1383 998 1587 1060 venari
1617 997 1787 1058 illum
1822 1016 1929 1078 per
1959 997 2034 1057 il—

387 1083 486 1144 lud
509 1084 812 1164 volebant,
847 1086 981 1147 ideo
1014 1096 1071 1147 et
1101 1090 1443 1167 quaerebant
1470 1108 1483 1151 :
1522 1098 1635 1149 tam
1680 1106 1911 1168 parvam
1934 1106 2034 1149 re-

384 1172 710 1234 verentiam
742 1174 858 1235 diei
894 1175 1041 1237 festo
1074 1177 1454 1251 exhibebant,
1509 1177 1761 1257 taliaque
1798 1176 2033 1238 illorum

384 1270 552 1322 erant
580 1281 783 1343 opera.
818 1267 1087 1326 Murmur
1113 1274 1311 1326 autem
1337 1265 1583 1327 mullum
1617 1267 1691 1326 de
1722 1283 1794 1327 eo
1827 1274 1952 1326 erat
1975 1265 2033 1325 in

385 1350 596 1427 turbis,
625 1352 903 1432 quoniam
939 1355 1108 1414 variae
1140 1354 1213 1416 de
1244 1356 1344 1416 illo
1368 1365 1536 1415 erant
1568 1360 1901 1427 sententiae,
1937 1354 2033 1414 di-

381 1438 653 1501 centibus
674 1441 911 1518 quidem
947 1441 1315 1523 principibus
1349 1464 1363 1503 :
1406 1468 1428 1499 α
1462 1443 1707 1506 Seducil
1737 1442 1959 1514 turbas;
2007 1469 2026 1499 ι

383 1526 585 1590 multis
603 1537 798 1590 autem
831 1529 1209 1592 dicentibus:
1254 1532 1488 1594 «Bonus
1517 1544 1662 1593 est.»
1702 1531 2029 1603 Quiantem

379 1634 514 1676 eum
549 1615 767 1679 bonum
799 1618 1097 1699 dicebant,
1123 1619 1197 1680 de
1226 1620 1393 1681 turba
1426 1631 1620 1685 erant.
1655 1619 1894 1700 thnod
1921 1620 2033 1682 hoc

2126 998 2315 1071 αὐτῶν,
2381 1003 2494 1061 πῶς
2554 996 2670 1057 οὐδὲ
2728 1005 2819 1055 τοῦ
2887 1005 3072 1076 καιροῦ
3111 1004 3210 1064 τῆς
3257 998 3443 1070 ἑορτῆς
3483 994 3772 1074 ἐφείδοντο,

2121 1085 2257 1142 ἆλλά
2325 1090 2574 1165 θηρεῦσαι
2645 1088 2780 1144 κατά
2837 1088 3032 1153 ταύτην
3092 1089 3244 1143 αὐτὸν
3302 1084 3582 1143 ἒῧούλοντο
3614 1102 3629 1117 ⁸
3689 1084 3774 1140 διὸ

2120 1177 2206 1231 καὶ
2263 1176 2479 1247 ἒζήτουν
2511 1196 2526 1211 ·
2575 1176 2711 1235 οὕτω
2769 1174 2978 1244 πολλὴν
3022 1173 3296 1231 εὗλάϐειαν
3346 1177 3433 1231 καὶ
3477 1173 3769 1243 11361314,-

2118 1286 2238 1341 ρουν
2281 1266 2398 1342 περὶ
2426 1266 2520 1327 τὰς
2554 1264 2760 1344 ἑορτὰς,
2793 1266 2879 1321 καὶ
2909 1262 3124 1321 τοιαῦτα
3156 1265 3220 1331 ἦν
3251 1263 3422 1320 αὐτῶν
3457 1266 3522 1319 τὰ
3564 1286 3770 1342 κατορ-

2116 1353 2356 1428 θώματα,
2412 1378 2434 1407 ιι
2488 1358 2523 1408 Γ
2528 1355 2795 1431 ογγυσμὸς
2841 1352 2894 1408 δὲ
2952 1354 3069 1429 περὶ
3117 1357 3273 1412 αὗτοῦ
3312 1352 3377 1419 ἦν
3426 1353 3481 1408 ἐν
3508 1367 3623 1416 τοῖς
3655 1353 3771 1431 ὄχ-

2116 1440 2256 1515 λοις,
2291 1464 2313 1500 ε
2352 1441 2537 1510 ἐπειδὴ
2571 1440 2809 1521 διάφοροι
2838 1443 2955 1517 περὶ
2988 1446 3145 1499 αὖτοῦ
3192 1441 3325 1509 ῆσαν
3368 1443 3573 1519 -ρκῦιιαι
3611 1457 3622 1469 ‘
3660 1447 3771 1497 τῶν

2116 1531 2212 1606 μὲν
2266 1531 2544 1611 ἀρχόντων
2584 1533 2879 1609 λεγόντων,
2931 1530 3009 1587 ὅτι
3071 1555 3097 1585 α
3133 1530 3313 1602 Πλανᾷ
3341 1533 3430 1587 τὸν
3460 1528 3624 1609 ὄχλον
3663 1552 3679 1565 ο
3734 1557 3762 1585 ι»

2113 1618 2331 1676 πολλῶν
2387 1620 2442 1678 δὲ
2494 1620 2783 1698 λεγόντων,
2820 1619 2899 1676 ὅτι
2932 1640 2961 1677 ε
2993 1619 3218 1695 Ἀγαθός
3249 1620 3414 1682 ἐστιν,
3458 1641 3489 1677 ε
3523 1623 3676 1678 Οὗτοι
3707 1619 3765 1676 δὲ

379 1706 450 1765 sit
483 1722 708 1777 verum,
742 1708 1114 1769 manifestum
1149 1718 1237 1769 est
1269 1727 1336 1770 ex
1369 1729 1439 1771 eo
1482 1709 1637 1790 quod
1670 1709 2007 1789 evangelist:

2111 1708 2213 1787 ἄρα
2271 1711 2317 1766 οἱ
2375 1708 2620 1787 λέγοντες
2678 1709 2834 1765 αὐτὸν
2893 1709 3109 1786 ἀγαθὸν,
3164 1709 3224 1765 ἐκ
3269 1716 3360 1765 τοῦ
3388 1708 3554 1788 ὄχλου
3596 1709 3761 1776 ἦσαν,

376 1793 520 1855 dicit
564 1795 791 1856 nullum
850 1797 1030 1859 fuisse
1079 1818 1285 1858 ausum
1348 1789 1539 1861 libere
1590 1798 1752 1879 loqui
1787 1808 2007 1879 proptel

2113 1789 2242 1855 uOtt
2275 1796 2325 1854 δὲ
2360 1809 2512 1858 τοῦτο
2542 1798 2760 1871 ἀληθὲς,
2822 1796 2984 1865 δῆλον
3031 1798 3091 1855 ἐκ
3135 1806 3223 1855 τοῦ
3269 1800 3439 1854 εἰπεῖν
3470 1801 3560 1854 τὸν
3591 1801 3760 1876 εὐαγ-

376 1892 595 1945 metum
618 1884 974 1947 Judmorum.
1015 1886 1381 1948 Manifestum
1408 1888 1568 1949 enim
1611 1887 1768 1968 quod
1797 1906 1828 1948 e
1860 1887 2007 1949 turb:

2110 1886 2384 1965 γελιστὴν,
2442 1890 2515 1952 ὡς
2586 1886 2752 1952 οὐδεὶς
2799 1887 2999 1957 ἓτόλμα
3041 1887 3496 1965 παῤῥησιασθῆναι
3538 1886 3621 1943 διὰ
3665 1891 3761 1944 τὸν

375 1982 540 2033 erant
579 1975 677 2053 qui
703 1973 777 2034 de
805 1973 908 2035 illo
944 1975 1132 2054 palam
1171 1976 1332 2056 loqui
1365 1980 1488 2037 ausi
1528 1995 1645 2037 non
1695 1976 1936 2049 fuerint,
1969 1997 2002 2035 e

2110 1973 2268 2054 φόϐον
2320 1983 2425 2032 τῶν
2481 1974 2742 2033 Ἰουδαίων
2775 1993 2788 2006 '
2852 1975 3116 2055 πρόδηλον
3186 1978 3308 2054 γὰρ,
3381 1976 3460 2032 ὅτι
3544 1975 3604 2032 ἐκ
3660 1984 3758 2033 τοῦ

373 2061 650 2123 timentes
710 2064 1009 2145 principes
1059 2066 1397 2127 Judaeorum
1450 2065 1744 2127 siluerint.
1793 2066 1907 2127 Sed
1969 2085 2001 2127 e

2109 2062 2278 2143 ὄχλου
2333 2065 2468 2132 ἦσαν
2512 2068 2557 2123 οἱ
2603 2066 2681 2139 μὴ
2742 2064 3046 2140 τολμῶντες
3094 2064 3357 2144 παρρησίᾳ
3412 2066 3544 2143 ὑπὲρ
3597 2070 3757 2125 αὐτοῦ

371 2167 473 2209 eos
504 2150 898 2231 quidicebant
937 2174 949 2215 :
989 2177 1014 2207 α
1044 2151 1286 2215 seducit
1320 2153 1578 2233 turbam,
1625 2179 1645 2210 ο
1684 2155 2007 2234 conjectura

2107 2150 2364 2223 λαλῆσαι,
2433 2157 2522 2211 καὶ
2590 2155 2858 2227 ἐσιώπων,
2938 2153 3229 2218 δεδοικότες
3303 2157 3423 2218 τοὺς
3484 2156 3755 2235 ἄρχοντας

369 2247 481 2305 est.
512 2258 582 2301 ex
615 2240 979 2323 principibus
1010 2241 1190 2304 fuisse
1220 2244 1317 2323 qui
1371 2243 1540 2304 illum
1576 2240 2007 2303 calumniaban-

2109 2240 2411 2307 Ἰουδαίους.
2472 2242 2638 2300 Ἀλλὰ
2695 2246 2784 2299 καὶ
2846 2245 2908 2300 τὸ
2992 2242 3189 2318 λέγειν,
3261 2244 3341 2301 ὅτι
3420 2244 3598 2315 Πλανᾷ
3660 2247 3757 2300 τὸν

371 2337 478 2388 tur.
518 2327 660 2390 Nam
694 2330 744 2390 si
774 2329 1027 2392 fuissent
1058 2350 1128 2391 ex
1160 2335 1353 2412 turba,
1404 2332 1727 2393 dixissent:
1781 2331 2007 2394 Seducii

2105 2330 2294 2411 ὄχλον,
2336 2356 2359 2386 ι)
2408 2331 2698 2410 τεκμήριόν
2754 2332 2865 2388 ἐστι
2914 2340 3006 2389 τοῦ
3034 2334 3096 2388 ὲκ
3125 2334 3230 2389 τῶν
3282 2333 3559 2412 ἀρχόντων
3606 2336 3753 2390 εἶναι

367 2435 495 2496 nos;
518 2416 684 2479 Nunc
709 2426 905 2479 autem
932 2438 1063 2480 cum
1096 2420 1305 2481 dicunt
1336 2443 1348 2482 :
1388 2446 1409 2473 α
1439 2418 1686 2482 Seducit
1719 2420 2007 2493 turbam,»

2103 2422 2222 2483 τοὺς
2275 2418 2659 2482 διαϐάλλοντας
2708 2420 2885 2481 αὐτόν,
2923 2422 2979 2478 Εἰ
3010 2421 3110 2499 γὰρ
3158 2421 3294 2488 ῆσαν
3338 2426 3396 2477 ὲκ
3424 2433 3514 2481 τοῦ
3556 2421 3748 2501 ὄχλου,

366 2506 697 2567 ostenditur
717 2508 872 2587 quod
898 2526 1015 2568 non
1038 2508 1353 2571 fuerintde
1385 2508 1578 2589 turba,
1612 2508 1715 2570 sed
1748 2528 1815 2570 ex
1847 2509 2007 2589 prin-

2099 2507 2283 2586 ἔλεγον
2340 2508 2424 2582 ἂν,
2485 2508 2565 2565 ὅτι
2610 2508 2790 2581 Πλανᾷ
2832 2512 3001 2582 ἡμᾶς.
3051 2517 3156 2567 Νῦν
3228 2508 3281 2565 δὲ
3338 2509 3602 2589 λέγοντες,
3665 2510 3747 2567 ὅτι

364 2595 596 2674 cipibus
654 2596 753 2676 qui
800 2596 934 2656 talia
987 2597 1285 2662 dicebant.
1342 2597 1490 2658 Vide
1548 2605 1742 2659 autem
1795 2597 2007 2677 ubique

2103 2621 2130 2652 ι
2166 2597 2345 2670 Πλανᾷ
2397 2601 2487 2654 τὸν
2549 2597 2739 2678 ὄχλον,
2797 2618 2825 2658 ι
2877 2596 3195 2655 δεικνύουσιν
3253 2598 3334 2655 ὅτι
3391 2602 3484 2657 οὐκ
3539 2604 3596 2655 ὲκ
3650 2608 3745 2657 τοῦ

365 2684 661 2764 principes
718 2689 1047 2765 corruptos,
1109 2686 1379 2755 subditos
1438 2705 1575 2748 vero
1610 2686 2007 2766 incorruptos.

369 2770 789 2834 Verumtamen
814 2775 954 2855 quia
968 2774 1231 2837 viriliore
1259 2779 1454 2836 animo
1484 2776 1788 2856 carebant,
1816 2776 2010 2838 adhuc

362 2859 696 2941 imperfecti
731 2863 1069 2939 manebant,
1097 2873 1153 2926 et
1184 2864 1370 2926 libere
1394 2864 1539 2925 nihil
1569 2864 1889 2926 audebant.

447 3130 626 3193 Vens.
659 3134 869 3193 14-16.
903 3160 925 3187 u
964 3134 1108 3195 Cum
1155 3142 1351 3195 outem
1377 3130 1500 3212 jam
1531 3132 1845 3194 dimidium
1878 3130 2007 3194 festi

2094 2686 2285 2767 ὄχλου,
2341 2686 2462 2743 ἀλλ’
2518 2687 2578 2743 ἐκ
2631 2693 2738 2743 τῶν
2781 2687 3060 2767 ἀρχόντων
3107 2689 3233 2744 εἰσὶν
3292 2691 3338 2744 οἱ
3370 2689 3529 2745 ταῦτα
3558 2688 3739 2764 λέγον-

2094 2796 2202 2841 τες.
2240 2775 2378 2855 ’Ὀρα
2436 2775 2491 2833 δέ
2549 2799 2638 2849 μοι
2684 2782 2965 2856 πανταχοῦ
3012 2779 3074 2834 τὸ
3106 2776 3201 2853 μὲν
3230 2777 3456 2857 ἀρχικὸν
3486 2775 3727 2857 διεφθαρ-

2095 2864 2274 2945 μένον,
2330 2867 2451 2929 τοὺς
2520 2862 2574 2947 δέ
2638 2865 2969 2945 ἀρχομένους
3027 2864 3363 2944 ἀδιαφθόρους
3423 2862 3687 2942 μένοντας
3712 2884 3725 2896 ·

2094 2952 2258 3027 πλὴν,
2316 2954 2399 3010 διὰ
2444 2957 2505 3011 τὸ
2558 2955 2636 3029 μὴ
2694 2954 2842 3034 ἔχειν
2901 2953 3257 3033 ἀνδρειοτέραν
3337 2956 3435 3020 τὴν
3485 2960 3731 3035 γνώμην,

2093 3042 2212 3100 ἀλλ’
2244 3044 2319 3100 ’ἑτι
2352 3041 2564 3102 ἀτελεῖς
2599 3043 2768 3123 εἶναι,
2798 3043 3463 3124 ἀπαρρησιάστουςνὸντας.

2178 3156 2205 3187 ι
2240 3130 2396 3200 ’Ἤδη
2440 3130 2494 3188 δὲ
2543 3138 2643 3199 τῆς
2704 3135 2892 3211 ἑορτῆς
2949 3134 3238 3210 μεσούσης,
3273 3132 3433 3201 ἀνέϐη
3465 3137 3492 3191 ὃ
3527 3135 3735 3203 Ἰησοῦς

362 3230 662 3297 peractum
715 3231 892 3291 esset,
927 3220 1193 3282 ascendit
1249 3224 1421 3282 .le‘sus
1474 3220 1535 3281 in
1589 3219 1899 3301 templum,
1943 3240 2007 3282 ac

2096 3223 2163 3287 εἰς
2209 3224 2270 3278 τὸ
2312 3224 2475 3293 ἱερὸν,
2538 3222 2627 3279 καὶ
2686 3218 2941 3284 ἐδίδασκε,
3006 3224 3103 3280 Καὶ
3158 3220 3445 3296 ἐθαύμαζον
3502 3226 3549 3280 οἱ
3596 3224 3734 3281 ἰουρ

361 3305 631 3368 docebat.
654 3308 720 3369 Et
744 3309 1109 3371 mirabantur
1139 3309 1667 3385 Judaei,dicentes:
1699 3310 2005 3383 Quomodo

358 3395 453 3456 hic
487 3397 711 3459 litteras
749 3400 879 3479 scit,
913 3418 1043 3460 cum
1075 3419 1192 3459 non
1215 3398 1521 3461 didicerit?
1560 3397 1888 3480 Respondit
1918 3399 2005 3462 eis

354 3482 613 3566 Jcsus,et
635 3487 782 3547 dixit
808 3507 823 3547 :
857 3487 983 3549 Mea
1013 3488 1282 3548 doctrina
1314 3508 1429 3548 non
1457 3499 1547 3549 est
1578 3488 1842 3560 mea,sed
1877 3490 2003 3568 ejus

357 3573 455 3653 qui
490 3594 581 3635 me
615 3574 1033 3647 misit.»Quare
1055 3577 1327 3639 ascendit
1352 3597 1483 3638 cum
1510 3590 1663 3638 esset
1691 3577 1997 3638 dimidium

357 3664 512 3724 festi?
566 3664 637 3727 Ut
685 3668 897 3728 leniret
932 3667 1165 3727 illorum
1211 3668 1499 3743 animum,
1534 3676 1591 3728 et
1651 3668 1897 3748 insuper
1940 3680 2003 3729 ut

358 3754 565 3831 majori
596 3756 920 3816 attentione
940 3757 1211 3817 audirent
1242 3776 1310 3816 ea
1331 3776 1462 3837 quas
1483 3758 1555 3817 ab
1578 3758 1707 3836 ipso
1726 3755 2002 3818 diceban-

355 3850 471 3914 tur,
506 3861 581 3903 ne
628 3842 762 3903 festi
815 3844 1095 3924 strepitus
1148 3846 1379 3906 illorum
1433 3864 1607 3907 aures
1639 3846 1995 3910 occluderet.

356 3933 502 3993 Nam
535 3931 593 3991 in
617 3932 912 4012 principio
938 3934 1069 3993 festi
1095 3935 1417 3996 verisimile
1438 3944 1526 3995 est
1552 3954 1655 3996 cos
1671 3934 1729 3994 in
1748 3935 1845 3996 his
1867 3955 1999 4015 quas

350 4020 488 4082 festi
533 4030 721 4097 erant,
766 4031 1082 4101 occupatos
1114 4023 1316 4085 fuisse.
1348 4026 1491 4087 Cum
1547 4024 1722 4102 igitur
1749 4036 1996 4105 repente

352 4110 719 4190 apparuisset
742 4110 850 4187 eis,
882 4111 1233 4192 simpliciter
1253 4113 1570 4174 audierunt
1601 4130 1833 4188 omnes,
1868 4131 1992 4193 par-

356 4201 453 4259 tim
481 4200 644 4261 illnm
680 4200 924 4280 bonum,
958 4201 1170 4280 partim
1224 4202 1636 4283 impostorem,
1672 4201 1939 4264 dicentes
1973 4220 1986 4265 :

353 4298 409 4349 et
437 4290 538 4350 alii
566 4289 806 4369 quidem
841 4298 902 4349 ut
931 4292 1083 4350 lucri
1110 4291 1387 4370 quiddam
1420 4290 1558 4352 inde
1591 4291 1989 4371 perciperent,

349 4386 407 4437 et
433 4379 889 4451 admirarentur;
910 4378 1007 4439 alii
1037 4388 1233 4440 autem
1284 4388 1345 4439 ut
1385 4381 1547 4441 illum
1580 4380 1992 4459 reprehende-

2091 3310 2257 3387 δαΐοι,
2310 3310 2557 3390 λέγοντες
2586 3327 2600 3342 ⁸
2638 3314 2758 3374 Πῶς
2790 3313 2939 3374 οὗτος
2970 3313 3257 3390 γρέμματα
3285 3310 3424 3386 οἶδε,
3455 3313 3532 3386 μὴ
3558 3312 3736 3388 μεμα-

2086 3400 2263 3468 θηκώς
2302 3421 2318 3477 ;
2360 3401 2645 3481 Ἀπεκρίθη
2677 3402 2783 3480 οὖν.
2807 3405 2991 3465 «tam:
3036 3403 3063 3456 ὁ
3108 3399 3334 3474 Ἰησοῦς,
3383 3402 3472 3457 καὶ
3526 3404 3676 3459 εἶπεν
3713 3420 3728 3433 ⁰

2090 3482 2151 3546 ‘H
2192 3490 2300 3564 ἒμὴ
2358 3487 2553 3570 διδαχὴ
2606 3488 2700 3545 οὒκ
2743 3488 2884 3544 ἔστιν
2943 3490 3073 3564 ἐμὴ,
3129 3488 3268 3545 ἀλλὰ
3299 3498 3391 3548 τοῦ
3417 3489 3725 3565 πέμψαντός

2085 3600 2175 3653 με,
2220 3602 2240 3634 ε
2312 3579 2408 3634 Διὰ
2463 3580 2512 3634 τί
2567 3582 2665 3645 τῆς
2724 3578 2909 3657 ἑορτῆς
2965 3579 3232 3653 μεσούσης
3289 3577 3511 3645 ἀνῆλθεν
3547 3599 3563 3653 ;
3599 3570 3724 3637 Ἵνα

2085 3667 2343 3747 χαυνὼσῃ
2394 3661 2571 3724 ναιῖτῶν
2628 3667 2718 3723 τὸν
2774 3668 2961 3746 θυμὸν,
3022 3666 3134 3742 ἅμα
3187 3665 3241 3723 δὲ
3295 3669 3383 3724 καὶ
3440 3667 3532 3723 ἵνα
3587 3672 3722 3742 μετὰ

2084 3752 2291 3835 σχολῆς
2338 3755 2601 3812 ἀκούσωσι
2644 3757 2735 3812 καὶ
2790 3760 3070 3835 προσοχῆς
3113 3762 3220 3812 τῶν
3262 3756 3389 3835 παρ’
3448 3758 3603 3813 αὑτοῦ
3630 3755 3725 3812 λε-

2081 3843 2346 3923 γομένων,
2400 3845 2594 3920 μηκέτι
2638 3849 2737 3912 τῆς
2807 3844 2990 3924 ἑορτῆς
3037 3843 3434 3925 ἒμφραττούσης
3489 3847 3553 3901 τὰ
3613 3849 3722 3902 ὦτα

2084 3935 2276 3993 αὐτῶν.
2311 3933 2400 3991 Ἐν
2457 3928 2557 4013 γὰρ
2614 3940 2682 4011 τῇ
2724 3936 2870 4014 ἀρχῇ
2899 3939 2995 4001 τῆς
3046 3936 3235 4013 ἑορτῆς
3264 3936 3400 3998 εἰκὸς
3429 3933 3494 4001 ἧν
3536 3936 3722 3999 αὔτως

2079 4026 2427 4103 περισπᾶσθαι
2484 4018 2603 4103 περὶ
2646 4018 2711 4079 τὰ
2752 4021 2849 4091 τῆς
2910 4025 3123 4100 ἑορτῆς.
3160 4023 3364 4104 ’Ἄφνω
3393 4025 3481 4079 οὗν
3538 4027 3720 4089 αὺτοῖς

2077 4112 2440 4193 ἐπιφανέντος,
2497 4112 2687 4179 ἧκοδον
2745 4110 2927 4179 ἁπλῶς
3004 4113 3219 4187 πάντες,
3298 4113 3350 4169 οἵ
3398 4133 3456 4169 τε
3526 4113 3720 4191 ἀγαθὸν

2075 4203 2253 4275 αὐτὸν,
2289 4201 2343 4257 οἵ
2375 4223 2431 4258 τε
2471 4200 2673 4258 πλάνον
2716 4200 2959 4280 λέγοντες
2992 4220 3007 4234 ·
3051 4205 3098 4259 οἱ
3140 4203 3276 4281 μὲν,
3312 4204 3442 4281 πρὸς
3492 4203 3551 4281 τὸ
3590 4222 3715 4281 κερ-

2075 4288 2229 4357 δῆσαί
2268 4313 2318 4346 τι
2380 4292 2465 4346 καὶ
2507 4292 2771 4367 θαυμάσαι
2800 4310 2816 4328 ⁸
2877 4295 2925 4347 οἱ
2974 4289 3052 4364 δὲ,
3097 4292 3229 4369 πρὸς
3271 4293 3333 4347 τὸ
3378 4284 3714 4347 ὲπιλαῦέσθαι

2076 4379 2250 4449 αὐτοῦ,
2306 4382 2401 4436 καὶ
2455 4378 2740 4437 συλλαϐεῖν
2801 4382 2954 4440 αὒτὸν
2996 4383 3069 4445 ὡς
3113 4380 3336 4440 πλάνον.
3382 4383 3441 4439 Τί
3471 4396 3567 4456 μεν
3615 4378 3715 4435 ἒδίο

347 4476 479 4527 rent
510 4477 566 4528 et
594 4468 1173 4547 comprehenderent
1197 4470 1378 4530 veluti
1399 4468 1991 4530 seductorem.Porro

2096 4466 2246 4549 ἷαξεν,
2308 4462 2401 4527 οὒκ
2458 4470 2615 4526 εἶπεν
2664 4466 2691 4525 δ
2735 4469 3116 4549 εὖαγγελιστής
3149 4485 3164 4499 ⁸
3214 4470 3293 4525 ὅτι
3351 4468 3406 4524 δὲ
3448 4469 3712 4543 θαυμάσιά

347 4558 483 4635 quid
518 4556 802 4631 docuerit,
839 4575 955 4617 non
985 4558 1129 4617 dixit
1164 4557 1545 4637 evangelista,
1579 4556 1735 4637 quod
1794 4565 1987 4617 autem

348 4646 642 4707 mirabilia
671 4646 937 4726 quaedam
972 4645 1207 4721 dixerit,
1244 4666 1348 4727 per
1380 4666 1509 4726 quae
1530 4645 1663 4706 illos
1694 4646 1986 4708 cohibue-

340 4736 511 4807 rit,et
530 4746 788 4797 mentem
812 4735 1049 4795 illorum
1071 4736 1129 4797 in
1150 4737 1500 4797 miraculum
1527 4737 1987 4807 mutaverit,n.a-

2073 4578 2188 4614 τινα
2232 4572 2407 4638 εἶπεν,
2441 4554 2507 4614 δι’
2538 4560 2611 4613 ὠν
2646 4560 2911 4639 κατέσχεν
2939 4559 3150 4633 αὐτοὺς,
3184 4558 3272 4615 καὶ
3301 4555 3588 4633 μετέϐαλλε
3614 4557 3711 4619 τὰς

2071 4648 2288 4725 γνώμας
2344 4650 2416 4711 εὶς
2474 4644 2671 4731 θαῦμα,
2733 4646 2971 4720 ἰεδήλωσε
3054 4646 3138 4704 διὰ
3197 4655 3290 4704 τοῦ
3361 4649 3555 4721 εἰπεῖν,
3618 4645 3709 4702 ’ὅτι

2077 4760 2104 4792 ιι
2138 4734 2485 4812 Ἐθαύμαζον,
2520 4744 2633 4803 πῶς
2663 4738 2951 4816 γράμματα
2983 4736 3135 4812 οἶδε,”
3167 4738 3244 4812 μὴ
3283 4736 3631 4813 μεμαθηκώς.
3681 4758 3709 4791 δ

343 4826 635 4887 nifestavit
666 4845 768 4905 per
792 4826 904 4884 hoc
929 4830 1081 4903 quod
1108 4825 1277 4900 dicit,
1312 4824 1807 4886 «Admirabantur
1832 4840 1983 4906 quo-

2096 4824 2291 4893 ἰλῆνεί
2320 4828 2409 4882 καὶ
2452 4827 2761 4906 ἐθαύμαζον,
2821 4818 2941 4883 ἀλλ’
2996 4825 3115 4886 οωὲ
3176 4822 3710 4896 οὕτωςᾶπῆλλῖιόιται

342 4917 515 4976 modo
538 4915 758 4976 litteras
787 4913 988 4987 sciret,
1015 4914 1115 4994 qui
1150 4908 1450 4995 nunquam
1478 4913 1982 4976 didicisset.»Ve-

2096 4950 2101 4982 ι
2147 4915 2337 4994 γνώμη
2381 4915 2552 4972 αὐτῶν
2612 4916 2891 4994 πονηρίας.
2940 4916 3013 4975 Οὔ
3079 4916 3180 4994 γὰρ
3222 4916 3321 4983 τὴν
3374 4912 3712 4971 διδασκαλίαν

339 5013 670 5065 rumtamen
702 5003 969 5081 quamvis
989 5002 1451 5081 admirarentur,
1484 5002 1741 5063 attamen
1790 5020 1985 5083 neque

2096 5006 2380 5083 θαύμαζον,
2434 5003 2549 5059 οὐδὲ
2609 5006 2675 5061 τὰ
2738 5006 3002 5083 λεγόμενα
3052 5004 3325 5085 ἐδέχοντο,
3377 5002 3499 5061 ἀλλ’
3552 5004 3708 5060 ἐθαύ-

340 5095 427 5155 sic
450 5094 705 5167 liberata
732 5094 819 5153 cst
841 5111 1008 5154 mens
1040 5094 1277 5155 illorum
1306 5112 1338 5170 _a
1369 5092 1607 5156 malitia.
1661 5090 1786 5153 Non
1820 5094 1979 5175 enim

2096 5100 2229 5165 ιαζον
2313 5099 2426 5158 πῶς
2510 5084 2623 5149 οἶδε
2706 5095 3019 5173 Δγρσῖμμάτὲι,
3082 5084 3344 5173 τουτέστι,
3384 5091 3703 5173 διηπόρουν,

337 5183 661 5245 doctrinam
713 5181 1177 5255 admirabantur,
1215 5200 1406 5262 neque
1449 5200 1580 5262 quae
1629 5180 1981 5243 dicebantur

2096 5181 2462 5256 Ξεπλήττοντο,
2541 5178 2669 5261 ὅπερ
2745 5177 2987 5239 εἰώθασιν
3058 5186 3104 5239 οἱ
3158 5176 3535 5259 βασκαίνοντες
3590 5192 3702 5239 1?:-

334 5272 904 5355 suscipiebant,605
934 5272 1039 5333 sed
1073 5270 1519 5333 admirabantur
1545 5269 1841 5351 quomodo
1872 5271 1979 5331 Sci-

2096 5288 2239 5353 χειν.
2287 5271 2447 5346 Οἶον,
2507 5274 2579 5335 ὡς
2640 5271 2725 5328 ἐπὶ
2781 5270 3232 5351 παρὰδείγματος,
3273 5272 3384 5328 ἔστι
3422 5272 3528 5329 τινὶ
3581 5272 3699 5350 γεῖ-

330 5372 418 5423 ret
451 5366 695 5437 litteras,
729 5361 787 5422 id
822 5370 931 5443 est,
986 5359 1502 5443 obstupescebant,
1552 5360 1603 5420 id
1638 5360 1792 5441 quod
1828 5360 1979 5422 solet

2096 5384 2163 5417 ων
2207 5361 2397 5437 πένης,
2458 5359 2773 5441 εἶτατυχὸν
2798 5356 3059 5425 πολλάκις
3098 5358 3319 5439 ἐὐπορεῖ
3350 5363 3567 5437 tiranii.)
3591 5366 3699 5418 πό-

329 5448 542 5513 invidis
563 5452 835 5514 accidere
861 5468 874 5513 :
901 5451 1082 5515 veluti
1105 5450 1153 5512 si
1178 5467 1403 5531 pauper
1422 5448 1713 5529 quispiam
1749 5448 1973 5511 vicinus

2096 5449 2424 5530 orelea'cépou

330 5549 577 5621 repente
605 5542 666 5602 in
697 5540 1088 5620 splendidiori
1134 5539 1348 5603 vestitu
1398 5537 1669 5618 prodeat,
1695 5546 1753 5598 et
1781 5536 1971 5600 videat
2053 5538 2195 5619 λέγει
2233 5558 2247 5573 ·

2458 5464 2472 5478 ⁸
2534 5447 2657 5506 ἶδὶῖὀν
2698 5448 2802 5508 οὗν
2858 5444 3041 5507 τοῧτον
3098 5452 3126 5507 ὁ
3176 5451 3449 5527 βέίηὲανος
3486 5451 3696 5528 γείτων,

2302 5539 2422 5603 Πῶς
2488 5539 2638 5605 οὗτος
2698 5537 2955 5596 ἓνδέδυται
3017 5537 3318 5604 πολυτελῶς
3382 5538 3700 5611 πενέστατος

334 5614 468 5687 eum
492 5629 717 5691 vicinus
732 5614 1152 5707 ‘invitlns,dicit
1174 5647 1186 5691 :
1209 5614 1516 5701 Quomodo
1551 5627 1644 5688 hic
1676 5635 1790 5687 tam
1813 5644 1971 5688 sum-

2096 5614 2180 5700 ιν’;
2216 5628 2380 5685 Πόθεν
2408 5628 2470 5683 τὸ
2498 5622 2743 5685 τοιοῦτον
2774 5618 3037 5709 ἱμάτιονξ
3070 5616 3242 5685 Titum
3274 5624 3339 5683 ’δὲ
3377 5614 3555 5706 λέγει,
3601 5628 3703 5707 οὺχ

327 5718 550 5795 ptuusis
584 5720 840 5780 vestibus
872 5719 1114 5779 indutus
1142 5731 1250 5790 est,
1277 5717 1375 5799 qui
1409 5715 1631 5777 dudutn
1668 5719 1969 5802 pauperri—
2052 5720 2121 5777 ὡς

2196 5716 2470 5784 θωμάζων
2536 5721 2610 5786 τῷ
2682 5713 2814 5787 ὄπι,
2876 5712 3009 5771 ἀλλὰ
3068 5714 3240 5794 eodm?
3297 5711 3694 5795 διακαιόμενος,
