  <div class='ocr_page' id='page_1' title='image "/cluster/home/n/w/nwhite01/storage/ocr_20150623/123/mdp.39015009359079/672.png"; bbox 0 0 4116 6318; ppageno 0'>
   <div class='ocr_carea' id='block_1_1' title="bbox 349 400 1956 474">
    <p class='ocr_par' dir='ltr' id='par_1_1' title="bbox 349 400 1956 470">
     <span class='ocr_line' id='line_1_1' title="bbox 349 400 1956 470; baseline 0 -7"><span class='ocrx_word' id='word_1_1' title='bbox 349 400 501 467; x_wconf 73' lang='grc'><strong>1329</strong></span> <span class='ocrx_word' id='word_1_2' title='bbox 998 408 1093 470; x_wconf 83' lang='lat' dir='ltr'><strong>EN</strong></span> <span class='ocrx_word' id='word_1_3' title='bbox 1102 408 1438 470; x_wconf 77' lang='lat' dir='ltr'><strong>ARRATIO</strong></span> <span class='ocrx_word' id='word_1_4' title='bbox 1480 409 1562 468; x_wconf 82' lang='grc' dir='ltr'><strong>ΙΝ</strong></span> <span class='ocrx_word' id='word_1_5' title='bbox 1613 404 1956 469; x_wconf 81' lang='lat' dir='ltr'><strong>EVANGEI</strong></span> 
     </span>
    </p>
   </div>
   <div class='ocr_carea' id='block_1_2' title="bbox 2042 400 3722 474">
    <p class='ocr_par' dir='ltr' id='par_1_2' title="bbox 2042 404 3722 474">
     <span class='ocr_line' id='line_1_2' title="bbox 2042 404 3722 474; baseline 0.005 -12"><span class='ocrx_word' id='word_1_6' title='bbox 2042 405 2117 464; x_wconf 76' lang='grc' dir='ltr'><strong>ΙΜ</strong></span> <span class='ocrx_word' id='word_1_7' title='bbox 2163 404 2498 470; x_wconf 76' lang='lat' dir='ltr'><strong>JOANNIS.</strong></span> <span class='ocrx_word' id='word_1_8' title='bbox 2549 442 2624 452; x_wconf 93' lang='lat'>—</span> <span class='ocrx_word' id='word_1_9' title='bbox 2671 411 2833 470; x_wconf 86' lang='lat' dir='ltr'><strong>CAP.</strong></span> <span class='ocrx_word' id='word_1_10' title='bbox 2882 412 3014 472; x_wconf 87' lang='lat' dir='ltr'><strong>VII.</strong></span> <span class='ocrx_word' id='word_1_11' title='bbox 3568 407 3722 474; x_wconf 85' lang='grc'><strong>1330</strong></span> 
     </span>
    </p>
   </div>
   <div class='ocr_carea' id='block_1_3' title="bbox 336 529 1956 615">
    <p class='ocr_par' dir='ltr' id='par_1_3' title="bbox 336 532 1956 615">
     <span class='ocr_line' id='line_1_3' title="bbox 336 532 1956 615; baseline 0.002 -27"><span class='ocrx_word' id='word_1_12' title='bbox 336 535 421 589; x_wconf 79' lang='grc' dir='ltr'>καὶ</span> <span class='ocrx_word' id='word_1_13' title='bbox 495 536 622 613; x_wconf 81' lang='grc' dir='ltr'>πρὸς</span> <span class='ocrx_word' id='word_1_14' title='bbox 676 532 934 603; x_wconf 76' lang='grc' dir='ltr'>διαϐολὴν</span> <span class='ocrx_word' id='word_1_15' title='bbox 1011 535 1101 594; x_wconf 81' lang='grc' dir='ltr'>τοῦ</span> <span class='ocrx_word' id='word_1_16' title='bbox 1174 537 1410 615; x_wconf 76' lang='grc' dir='ltr'><strong>γείτονος</strong></span> <span class='ocrx_word' id='word_1_17' title='bbox 1468 537 1725 600; x_wconf 72' lang='grc' dir='ltr'><strong>τοιούτοις</strong></span> <span class='ocrx_word' id='word_1_18' title='bbox 1798 532 1956 615; x_wconf 72' lang='grc' dir='ltr'>λόγοιι</span> 
     </span>
    </p>
   </div>
   <div class='ocr_carea' id='block_1_4' title="bbox 2042 529 3716 615">
    <p class='ocr_par' dir='ltr' id='par_1_4' title="bbox 2064 529 3716 608">
     <span class='ocr_line' id='line_1_4' title="bbox 2064 529 3716 608; baseline 0.007 -11"><span class='ocrx_word' id='word_1_19' title='bbox 2064 554 2194 598; x_wconf 89' lang='lat' dir='ltr'><strong>mus</strong></span> <span class='ocrx_word' id='word_1_20' title='bbox 2224 538 2380 600; x_wconf 87' lang='lat' dir='ltr'><strong>erat?</strong></span> <span class='ocrx_word' id='word_1_21' title='bbox 2412 539 2583 603; x_wconf 88' lang='lat' dir='ltr'><strong>Unde</strong></span> <span class='ocrx_word' id='word_1_22' title='bbox 2612 540 2749 603; x_wconf 89' lang='lat' dir='ltr'><strong>huic</strong></span> <span class='ocrx_word' id='word_1_23' title='bbox 2772 542 2950 604; x_wconf 90' lang='lat' dir='ltr'><strong>vestis</strong></span> <span class='ocrx_word' id='word_1_24' title='bbox 2980 543 3108 604; x_wconf 86' lang='lat' dir='ltr'><strong>illa?</strong></span> <span class='ocrx_word' id='word_1_25' title='bbox 3147 542 3286 605; x_wconf 61' lang='lat' dir='ltr'><strong>Haec</strong></span> <span class='ocrx_word' id='word_1_26' title='bbox 3336 551 3534 607; x_wconf 85' lang='lat' dir='ltr'><strong>autem</strong></span> <span class='ocrx_word' id='word_1_27' title='bbox 3569 529 3716 608; x_wconf 62' lang='lat' dir='ltr'><strong>dicit</strong></span> 
     </span>
    </p>
   </div>
   <div class='ocr_carea' id='block_1_5' title="bbox 334 622 1956 712">
    <p class='ocr_par' dir='ltr' id='par_1_5' title="bbox 334 622 1956 706">
     <span class='ocr_line' id='line_1_5' title="bbox 334 622 1956 706; baseline 0.003 -29"><span class='ocrx_word' id='word_1_28' title='bbox 334 622 613 701; x_wconf 78' lang='grc' dir='ltr'>χρώμενος</span> <span class='ocrx_word' id='word_1_29' title='bbox 647 639 661 653; x_wconf 84' lang='grc'><strong><em>⁸</em></strong></span> <span class='ocrx_word' id='word_1_30' title='bbox 733 626 951 691; x_wconf 73' lang='grc' dir='ltr'>Πάντως</span> <span class='ocrx_word' id='word_1_31' title='bbox 995 626 1119 703; x_wconf 78' lang='grc' dir='ltr'>γὰρ,</span> <span class='ocrx_word' id='word_1_32' title='bbox 1151 628 1334 706; x_wconf 73' lang='grc' dir='ltr'>φησὶν,</span> <span class='ocrx_word' id='word_1_33' title='bbox 1382 624 1575 701; x_wconf 72' lang='grc' dir='ltr'>ἔκλεψε</span> <span class='ocrx_word' id='word_1_34' title='bbox 1624 627 1720 693; x_wconf 80' lang='grc' dir='ltr'><strong>τὴν</strong></span> <span class='ocrx_word' id='word_1_35' title='bbox 1764 625 1956 694; x_wconf 77' lang='grc' dir='ltr'>ἐσθῆτα</span> 
     </span>
    </p>
   </div>
   <div class='ocr_carea' id='block_1_6' title="bbox 2042 622 3714 712">
    <p class='ocr_par' dir='ltr' id='par_1_6' title="bbox 2066 627 3714 712">
     <span class='ocr_line' id='line_1_6' title="bbox 2066 627 3714 712; baseline 0.005 -26"><span class='ocrx_word' id='word_1_36' title='bbox 2066 644 2185 687; x_wconf 90' lang='lat' dir='ltr'><strong>non</strong></span> <span class='ocrx_word' id='word_1_37' title='bbox 2217 627 2373 707; x_wconf 83' lang='lat' dir='ltr'><strong>quod</strong></span> <span class='ocrx_word' id='word_1_38' title='bbox 2406 628 2602 708; x_wconf 89' lang='lat' dir='ltr'><strong>reipsa</strong></span> <span class='ocrx_word' id='word_1_39' title='bbox 2630 629 2981 705; x_wconf 81' lang='lat' dir='ltr'><strong>admiretur,</strong></span> <span class='ocrx_word' id='word_1_40' title='bbox 3008 631 3112 693; x_wconf 91' lang='lat' dir='ltr'><strong>sed</strong></span> <span class='ocrx_word' id='word_1_41' title='bbox 3145 632 3300 712; x_wconf 85' lang='lat' dir='ltr'><strong>quod</strong></span> <span class='ocrx_word' id='word_1_42' title='bbox 3326 632 3714 699; x_wconf 83' lang='lat' dir='ltr'><strong>aduraturin-</strong></span> 
     </span>
    </p>
   </div>
   <div class='ocr_carea' id='block_1_7' title="bbox 337 710 1956 793">
    <p class='ocr_par' dir='ltr' id='par_1_7' title="bbox 337 710 1956 793">
     <span class='ocr_line' id='line_1_7' title="bbox 337 710 1956 793; baseline 0.002 -25"><span class='ocrx_word' id='word_1_43' title='bbox 337 710 515 777; x_wconf 61' lang='grc' dir='ltr'>Οὕτως</span> <span class='ocrx_word' id='word_1_44' title='bbox 563 712 650 769; x_wconf 81' lang='grc' dir='ltr'>οὖν</span> <span class='ocrx_word' id='word_1_45' title='bbox 682 714 769 770; x_wconf 85' lang='grc' dir='ltr'>καὶ</span> <span class='ocrx_word' id='word_1_46' title='bbox 800 717 848 770; x_wconf 77' lang='grc' dir='ltr'><strong>οἱ</strong></span> <span class='ocrx_word' id='word_1_47' title='bbox 881 713 1126 772; x_wconf 77' lang='grc' dir='ltr'>Ἰουδαῖοι</span> <span class='ocrx_word' id='word_1_48' title='bbox 1156 734 1170 749; x_wconf 76' lang='grc'>⁸</span> <span class='ocrx_word' id='word_1_49' title='bbox 1231 739 1251 769; x_wconf 71' lang='grc' dir='ltr'><strong>ε</strong></span> <span class='ocrx_word' id='word_1_50' title='bbox 1294 722 1412 779; x_wconf 87' lang='grc' dir='ltr'>Πῶς</span> <span class='ocrx_word' id='word_1_51' title='bbox 1458 715 1608 778; x_wconf 78' lang='grc' dir='ltr'>οὗτος</span> <span class='ocrx_word' id='word_1_52' title='bbox 1660 712 1777 772; x_wconf 77' lang='grc' dir='ltr'>οἶδε</span> <span class='ocrx_word' id='word_1_53' title='bbox 1806 716 1956 793; x_wconf 84' lang='grc' dir='ltr'>γράμ·</span> 
     </span>
    </p>
   </div>
   <div class='ocr_carea' id='block_1_8' title="bbox 2042 710 3710 793">
    <p class='ocr_par' dir='ltr' id='par_1_8' title="bbox 2066 710 3710 789">
     <span class='ocr_line' id='line_1_8' title="bbox 2066 710 3710 789; baseline 0.007 -14"><span class='ocrx_word' id='word_1_54' title='bbox 2066 713 2244 789; x_wconf 86' lang='lat' dir='ltr'><strong>vidia,</strong></span> <span class='ocrx_word' id='word_1_55' title='bbox 2272 716 2345 777; x_wconf 92' lang='lat' dir='ltr'><strong>ad</strong></span> <span class='ocrx_word' id='word_1_56' title='bbox 2377 717 2552 780; x_wconf 85' lang='lat' dir='ltr'><strong>vicini</strong></span> <span class='ocrx_word' id='word_1_57' title='bbox 2585 718 2940 781; x_wconf 88' lang='lat' dir='ltr'><strong>calumniam</strong></span> <span class='ocrx_word' id='word_1_58' title='bbox 2966 739 3105 783; x_wconf 90' lang='lat' dir='ltr'><strong>usus</strong></span> <span class='ocrx_word' id='word_1_59' title='bbox 3150 710 3363 783; x_wconf 86' lang='lat' dir='ltr'><strong>talibus</strong></span> <span class='ocrx_word' id='word_1_60' title='bbox 3410 724 3710 786; x_wconf 87' lang='lat' dir='ltr'><strong>sermoni-</strong></span> 
     </span>
    </p>
   </div>
   <div class='ocr_carea' id='block_1_9' title="bbox 337 801 1956 889">
    <p class='ocr_par' dir='ltr' id='par_1_9' title="bbox 337 802 1955 883">
     <span class='ocr_line' id='line_1_9' title="bbox 337 802 1955 883; baseline 0.001 -26"><span class='ocrx_word' id='word_1_61' title='bbox 337 820 531 875; x_wconf 69' lang='grc' dir='ltr'>ματα,</span> <span class='ocrx_word' id='word_1_62' title='bbox 572 826 596 855; x_wconf 74' lang='grc' dir='ltr'><strong>ι</strong></span> <span class='ocrx_word' id='word_1_63' title='bbox 658 803 872 869; x_wconf 71' lang='grc' dir='ltr'>Πάντως</span> <span class='ocrx_word' id='word_1_64' title='bbox 934 805 988 859; x_wconf 79' lang='grc' dir='ltr'>ὲν</span> <span class='ocrx_word' id='word_1_65' title='bbox 1041 807 1117 877; x_wconf 76' lang='grc' dir='ltr'><strong>τῷ</strong></span> <span class='ocrx_word' id='word_1_66' title='bbox 1176 802 1513 874; x_wconf 82' lang='grc' dir='ltr'>Βεελζεϐούλ.</span> <span class='ocrx_word' id='word_1_67' title='bbox 1580 805 1762 861; x_wconf 82' lang='grc' dir='ltr'>Καίτοι</span> <span class='ocrx_word' id='word_1_68' title='bbox 1817 803 1955 883; x_wconf 77' lang='grc' dir='ltr'><strong>ἐχρῆ</strong></span> 
     </span>
    </p>
   </div>
   <div class='ocr_carea' id='block_1_10' title="bbox 2042 801 3711 889">
    <p class='ocr_par' dir='ltr' id='par_1_10' title="bbox 2069 801 3711 889">
     <span class='ocr_line' id='line_1_10' title="bbox 2069 801 3711 889; baseline 0.005 -26"><span class='ocrx_word' id='word_1_69' title='bbox 2069 801 2462 868; x_wconf 90' lang='lat' dir='ltr'><strong>bus.0mnino</strong></span> <span class='ocrx_word' id='word_1_70' title='bbox 2494 804 3089 887; x_wconf 88' lang='lat' dir='ltr'><strong>enim,dicit,furatus</strong></span> <span class='ocrx_word' id='word_1_71' title='bbox 3121 815 3210 869; x_wconf 90' lang='lat' dir='ltr'><strong>est</strong></span> <span class='ocrx_word' id='word_1_72' title='bbox 3238 807 3584 871; x_wconf 84' lang='lat' dir='ltr'><strong>vestem.Sic</strong></span> <span class='ocrx_word' id='word_1_73' title='bbox 3605 808 3711 889; x_wconf 87' lang='lat' dir='ltr'><strong>igi-</strong></span> 
     </span>
    </p>
   </div>
   <div class='ocr_carea' id='block_1_11' title="bbox 339 889 1956 973">
    <p class='ocr_par' dir='ltr' id='par_1_11' title="bbox 339 889 1956 965">
     <span class='ocr_line' id='line_1_11' title="bbox 339 889 1956 965; baseline 0.002 -22"><span class='ocrx_word' id='word_1_74' title='bbox 339 891 525 953; x_wconf 73' lang='grc' dir='ltr'>αὖτοὺς</span> <span class='ocrx_word' id='word_1_75' title='bbox 586 889 690 946; x_wconf 74' lang='grc' dir='ltr'><strong>ἀπὸ</strong></span> <span class='ocrx_word' id='word_1_76' title='bbox 751 893 934 949; x_wconf 88' lang='grc' dir='ltr'>τούτου</span> <span class='ocrx_word' id='word_1_77' title='bbox 993 891 1194 960; x_wconf 80' lang='grc' dir='ltr'>μᾶλλον</span> <span class='ocrx_word' id='word_1_78' title='bbox 1251 895 1528 965; x_wconf 71' lang='grc' dir='ltr'>ἓννοῆσαι,</span> <span class='ocrx_word' id='word_1_79' title='bbox 1575 890 1655 949; x_wconf 76' lang='grc' dir='ltr'><strong>ὅτι</strong></span> <span class='ocrx_word' id='word_1_80' title='bbox 1700 891 1844 949; x_wconf 70' lang='grc' dir='ltr'>οὐδὲν</span> <span class='ocrx_word' id='word_1_81' title='bbox 1888 892 1956 947; x_wconf 77' lang='grc' dir='ltr'><strong>ἀνι</strong></span> 
     </span>
    </p>
   </div>
   <div class='ocr_carea' id='block_1_12' title="bbox 2042 889 3708 973">
    <p class='ocr_par' dir='ltr' id='par_1_12' title="bbox 2069 892 3708 973">
     <span class='ocr_line' id='line_1_12' title="bbox 2069 892 3708 973; baseline 0.005 -22"><span class='ocrx_word' id='word_1_82' title='bbox 2069 898 2164 953; x_wconf 91' lang='lat' dir='ltr'><strong>tur</strong></span> <span class='ocrx_word' id='word_1_83' title='bbox 2187 899 2243 954; x_wconf 90' lang='lat' dir='ltr'><strong>et</strong></span> <span class='ocrx_word' id='word_1_84' title='bbox 2268 892 2471 955; x_wconf 62' lang='lat' dir='ltr'><strong>Judaei:</strong></span> <span class='ocrx_word' id='word_1_85' title='bbox 2501 892 2841 965; x_wconf 67' lang='lat' dir='ltr'><strong>«Quomodo</strong></span> <span class='ocrx_word' id='word_1_86' title='bbox 2869 895 2972 973; x_wconf 17' lang='lat' dir='ltr'><strong>hic,</strong></span> <span class='ocrx_word' id='word_1_87' title='bbox 2996 895 3103 957; x_wconf 92' lang='lat' dir='ltr'><strong>scit</strong></span> <span class='ocrx_word' id='word_1_88' title='bbox 3133 896 3708 959; x_wconf 72' lang='lat' dir='ltr'><strong>litteras?uProfecto</strong></span> 
     </span>
    </p>
   </div>
   <div class='ocr_carea' id='block_1_13' title="bbox 338 976 1956 1066">
    <p class='ocr_par' dir='ltr' id='par_1_13' title="bbox 338 976 1956 1054">
     <span class='ocr_line' id='line_1_13' title="bbox 338 976 1956 1054; baseline 0.001 -20"><span class='ocrx_word' id='word_1_89' title='bbox 338 977 601 1054; x_wconf 76' lang='grc' dir='ltr'>θρώπινον</span> <span class='ocrx_word' id='word_1_90' title='bbox 660 981 727 1047; x_wconf 76' lang='grc' dir='ltr'><strong>ἧν</strong></span> <span class='ocrx_word' id='word_1_91' title='bbox 781 979 946 1054; x_wconf 69' lang='grc' dir='ltr'>αύτῷ,</span> <span class='ocrx_word' id='word_1_92' title='bbox 1006 976 1156 1037; x_wconf 84' lang='grc' dir='ltr'>Ἀλλ’</span> <span class='ocrx_word' id='word_1_93' title='bbox 1210 980 1395 1048; x_wconf 75' lang='grc' dir='ltr'>ἐπειδὴ</span> <span class='ocrx_word' id='word_1_94' title='bbox 1457 988 1611 1041; x_wconf 84' lang='grc' dir='ltr'>τοῦτο</span> <span class='ocrx_word' id='word_1_95' title='bbox 1666 982 1812 1037; x_wconf 74' lang='grc' dir='ltr'>αὐτοὶ</span> <span class='ocrx_word' id='word_1_96' title='bbox 1893 980 1956 1037; x_wconf 44' lang='grc' dir='ltr'><strong>οὐκ</strong></span> 
     </span>
    </p>
   </div>
   <div class='ocr_carea' id='block_1_14' title="bbox 2042 976 3709 1066">
    <p class='ocr_par' dir='ltr' id='par_1_14' title="bbox 2067 982 3709 1066">
     <span class='ocr_line' id='line_1_14' title="bbox 2067 982 3709 1066; baseline 0.004 -24"><span class='ocrx_word' id='word_1_97' title='bbox 2067 997 2138 1043; x_wconf 82' lang='lat' dir='ltr'><strong>ex</strong></span> <span class='ocrx_word' id='word_1_98' title='bbox 2167 982 2482 1045; x_wconf 83' lang='lat' dir='ltr'><strong>Beelzebul</strong></span> <span class='ocrx_word' id='word_1_99' title='bbox 2521 982 2715 1044; x_wconf 86' lang='lat' dir='ltr'><strong>habet.</strong></span> <span class='ocrx_word' id='word_1_100' title='bbox 2752 982 3011 1046; x_wconf 79' lang='lat' dir='ltr'><strong>Tametsi</strong></span> <span class='ocrx_word' id='word_1_101' title='bbox 3034 984 3176 1046; x_wconf 90' lang='lat' dir='ltr'><strong>inde</strong></span> <span class='ocrx_word' id='word_1_102' title='bbox 3206 984 3338 1046; x_wconf 91' lang='lat' dir='ltr'><strong>illos</strong></span> <span class='ocrx_word' id='word_1_103' title='bbox 3371 987 3709 1066; x_wconf 69' lang='lat' dir='ltr'><strong>conjectare</strong></span> 
     </span>
    </p>
   </div>
   <div class='ocr_carea' id='block_1_15' title="bbox 340 1064 1956 1155">
    <p class='ocr_par' dir='ltr' id='par_1_15' title="bbox 340 1064 1956 1149">
     <span class='ocr_line' id='line_1_15' title="bbox 340 1064 1956 1149; baseline 0.002 -27"><span class='ocrx_word' id='word_1_104' title='bbox 340 1064 524 1133; x_wconf 73' lang='grc' dir='ltr'>ἤθελον</span> <span class='ocrx_word' id='word_1_105' title='bbox 585 1068 943 1149; x_wconf 81' lang='grc' dir='ltr'>ὁμολογῆσαι,</span> <span class='ocrx_word' id='word_1_106' title='bbox 990 1072 1146 1134; x_wconf 70' lang='grc' dir='ltr'>αὒτὸς</span> <span class='ocrx_word' id='word_1_107' title='bbox 1190 1069 1522 1148; x_wconf 86' lang='grc' dir='ltr'>ἀποκρίνεται</span> <span class='ocrx_word' id='word_1_108' title='bbox 1574 1071 1778 1140; x_wconf 78' lang='grc' dir='ltr'>αὐτοῖς,</span> <span class='ocrx_word' id='word_1_109' title='bbox 1847 1070 1956 1125; x_wconf 79' lang='grc' dir='ltr'>ἀνα·</span> 
     </span>
    </p>
   </div>
   <div class='ocr_carea' id='block_1_16' title="bbox 2042 1064 3709 1155">
    <p class='ocr_par' dir='ltr' id='par_1_16' title="bbox 2067 1064 3709 1155">
     <span class='ocr_line' id='line_1_16' title="bbox 2067 1064 3709 1155; baseline 0.004 -25"><span class='ocrx_word' id='word_1_110' title='bbox 2067 1070 2259 1147; x_wconf 81' lang='lat' dir='ltr'><strong>potius</strong></span> <span class='ocrx_word' id='word_1_111' title='bbox 2288 1071 2596 1151; x_wconf 78' lang='lat' dir='ltr'><strong>oportebat</strong></span> <span class='ocrx_word' id='word_1_112' title='bbox 2621 1090 2741 1133; x_wconf 86' lang='lat' dir='ltr'><strong>non</strong></span> <span class='ocrx_word' id='word_1_113' title='bbox 2772 1086 2900 1134; x_wconf 87' lang='lat' dir='ltr'><strong>esse</strong></span> <span class='ocrx_word' id='word_1_114' title='bbox 2932 1073 3045 1134; x_wconf 92' lang='lat' dir='ltr'><strong>hoc</strong></span> <span class='ocrx_word' id='word_1_115' title='bbox 3075 1073 3421 1136; x_wconf 88' lang='lat' dir='ltr'><strong>humanum:</strong></span> <span class='ocrx_word' id='word_1_116' title='bbox 3448 1064 3550 1135; x_wconf 85' lang='lat' dir='ltr'><strong>sed</strong></span> <span class='ocrx_word' id='word_1_117' title='bbox 3571 1077 3709 1155; x_wconf 77' lang='lat' dir='ltr'><strong>quia</strong></span> 
     </span>
    </p>
   </div>
   <div class='ocr_carea' id='block_1_17' title="bbox 338 1153 1956 1242">
    <p class='ocr_par' dir='ltr' id='par_1_17' title="bbox 338 1153 1956 1237">
     <span class='ocr_line' id='line_1_17' title="bbox 338 1153 1956 1237; baseline 0.004 -28"><span class='ocrx_word' id='word_1_118' title='bbox 338 1153 621 1229; x_wconf 73' lang='grc' dir='ltr'><strong>διδάσκων,</strong></span> <span class='ocrx_word' id='word_1_119' title='bbox 653 1157 734 1213; x_wconf 80' lang='grc' dir='ltr'><strong>ὅτι</strong></span> <span class='ocrx_word' id='word_1_120' title='bbox 783 1159 886 1214; x_wconf 78' lang='grc' dir='ltr'>ἀπὸ</span> <span class='ocrx_word' id='word_1_121' title='bbox 924 1159 1015 1215; x_wconf 78' lang='grc' dir='ltr'>τοῦ</span> <span class='ocrx_word' id='word_1_122' title='bbox 1057 1160 1261 1237; x_wconf 75' lang='grc' dir='ltr'>Πατρὸς</span> <span class='ocrx_word' id='word_1_123' title='bbox 1309 1160 1397 1215; x_wconf 84' lang='grc' dir='ltr'><strong>καὶ</strong></span> <span class='ocrx_word' id='word_1_124' title='bbox 1442 1165 1572 1216; x_wconf 79' lang='grc' dir='ltr'>Θεοῦ</span> <span class='ocrx_word' id='word_1_125' title='bbox 1617 1158 1757 1214; x_wconf 72' lang='grc' dir='ltr'>ἐστιν</span> <span class='ocrx_word' id='word_1_126' title='bbox 1798 1160 1832 1226; x_wconf 77' lang='grc' dir='ltr'>ἡ</span> <span class='ocrx_word' id='word_1_127' title='bbox 1893 1158 1956 1215; x_wconf 89' lang='grc' dir='ltr'>δι-</span> 
     </span>
    </p>
   </div>
   <div class='ocr_carea' id='block_1_18' title="bbox 2042 1153 3703 1242">
    <p class='ocr_par' dir='ltr' id='par_1_18' title="bbox 2061 1153 3703 1242">
     <span class='ocr_line' id='line_1_18' title="bbox 2061 1153 3703 1242; baseline 0.003 -23"><span class='ocrx_word' id='word_1_128' title='bbox 2061 1159 2172 1220; x_wconf 94' lang='lat' dir='ltr'><strong>hoc</strong></span> <span class='ocrx_word' id='word_1_129' title='bbox 2201 1158 2315 1239; x_wconf 86' lang='lat' dir='ltr'><strong>ipsi</strong></span> <span class='ocrx_word' id='word_1_130' title='bbox 2346 1160 2516 1221; x_wconf 80' lang='lat' dir='ltr'><strong>fateri</strong></span> <span class='ocrx_word' id='word_1_131' title='bbox 2548 1160 2887 1231; x_wconf 74' lang='lat' dir='ltr'><strong>noluerunt,</strong></span> <span class='ocrx_word' id='word_1_132' title='bbox 2922 1162 3053 1240; x_wconf 86' lang='lat' dir='ltr'><strong>ipse</strong></span> <span class='ocrx_word' id='word_1_133' title='bbox 3098 1162 3425 1242; x_wconf 87' lang='lat' dir='ltr'><strong>respondet</strong></span> <span class='ocrx_word' id='word_1_134' title='bbox 3451 1164 3563 1235; x_wconf 91' lang='lat' dir='ltr'><strong>eis,</strong></span> <span class='ocrx_word' id='word_1_135' title='bbox 3593 1153 3600 1155; x_wconf 41' lang='grc'><strong><em>“</em></strong></span> <span class='ocrx_word' id='word_1_136' title='bbox 3635 1185 3703 1225; x_wconf 88' lang='grc' dir='ltr'><strong>ο-</strong></span> 
     </span>
    </p>
   </div>
   <div class='ocr_carea' id='block_1_19' title="bbox 332 1243 1956 1329">
    <p class='ocr_par' dir='ltr' id='par_1_19' title="bbox 332 1243 1954 1327">
     <span class='ocr_line' id='line_1_19' title="bbox 332 1243 1954 1327; baseline 0.003 -27"><span class='ocrx_word' id='word_1_137' title='bbox 332 1243 610 1306; x_wconf 85' lang='grc' dir='ltr'>δασκαλία.</span> <span class='ocrx_word' id='word_1_138' title='bbox 672 1245 832 1303; x_wconf 74' lang='grc' dir='ltr'>Οὒδὲν</span> <span class='ocrx_word' id='word_1_139' title='bbox 900 1249 999 1326; x_wconf 78' lang='grc' dir='ltr'><strong>γὰρ</strong></span> <span class='ocrx_word' id='word_1_140' title='bbox 1059 1246 1186 1322; x_wconf 80' lang='grc' dir='ltr'>ἐμόν</span> <span class='ocrx_word' id='word_1_141' title='bbox 1261 1247 1396 1326; x_wconf 73' lang='grc' dir='ltr'>ἐστι,</span> <span class='ocrx_word' id='word_1_142' title='bbox 1454 1249 1604 1327; x_wconf 77' lang='grc' dir='ltr'>φησὶ,</span> <span class='ocrx_word' id='word_1_143' title='bbox 1652 1246 1797 1306; x_wconf 66' lang='grc' dir='ltr'>οὐδὲν</span> <span class='ocrx_word' id='word_1_144' title='bbox 1879 1247 1954 1305; x_wconf 78' lang='grc' dir='ltr'><strong>ἀπ</strong></span> 
     </span>
    </p>
   </div>
   <div class='ocr_carea' id='block_1_20' title="bbox 2042 1243 3704 1329">
    <p class='ocr_par' dir='ltr' id='par_1_20' title="bbox 2057 1247 3704 1329">
     <span class='ocr_line' id='line_1_20' title="bbox 2057 1247 3704 1329; baseline 0.002 -19"><span class='ocrx_word' id='word_1_145' title='bbox 2057 1266 2200 1310; x_wconf 87' lang='lat' dir='ltr'><strong>cens</strong></span> <span class='ocrx_word' id='word_1_146' title='bbox 2229 1248 2385 1329; x_wconf 89' lang='lat' dir='ltr'><strong>quod</strong></span> <span class='ocrx_word' id='word_1_147' title='bbox 2419 1267 2452 1309; x_wconf 92' lang='lat' dir='ltr'><strong>a</strong></span> <span class='ocrx_word' id='word_1_148' title='bbox 2483 1247 2608 1310; x_wconf 92' lang='lat' dir='ltr'><strong>Deo</strong></span> <span class='ocrx_word' id='word_1_149' title='bbox 2639 1258 2695 1311; x_wconf 87' lang='lat' dir='ltr'><strong>et</strong></span> <span class='ocrx_word' id='word_1_150' title='bbox 2729 1252 2903 1313; x_wconf 88' lang='lat' dir='ltr'><strong>Patre</strong></span> <span class='ocrx_word' id='word_1_151' title='bbox 2953 1251 3029 1311; x_wconf 91' lang='lat' dir='ltr'><strong>sit</strong></span> <span class='ocrx_word' id='word_1_152' title='bbox 3074 1250 3343 1313; x_wconf 86' lang='lat' dir='ltr'><strong>doctrina</strong></span> <span class='ocrx_word' id='word_1_153' title='bbox 3388 1251 3485 1313; x_wconf 90' lang='lat' dir='ltr'><strong>illa</strong></span> <span class='ocrx_word' id='word_1_154' title='bbox 3542 1253 3704 1315; x_wconf 71' lang='lat' dir='ltr'><strong>Mlti!</strong></span> 
     </span>
    </p>
   </div>
   <div class='ocr_carea' id='block_1_21' title="bbox 328 1334 1956 1421">
    <p class='ocr_par' dir='ltr' id='par_1_21' title="bbox 328 1334 1956 1415">
     <span class='ocr_line' id='line_1_21' title="bbox 328 1334 1956 1415; baseline 0.002 -27"><span class='ocrx_word' id='word_1_155' title='bbox 328 1334 554 1408; x_wconf 68' lang='grc' dir='ltr'>ἐμαυτοῦ</span> <span class='ocrx_word' id='word_1_156' title='bbox 596 1337 670 1399; x_wconf 81' lang='grc' dir='ltr'>ὡς</span> <span class='ocrx_word' id='word_1_157' title='bbox 725 1336 957 1399; x_wconf 79' lang='grc' dir='ltr'>ἀντίθεος</span> <span class='ocrx_word' id='word_1_158' title='bbox 1017 1337 1335 1415; x_wconf 71' lang='grc' dir='ltr'><strong>φθέγγομαι,</strong></span> <span class='ocrx_word' id='word_1_159' title='bbox 1382 1334 1500 1392; x_wconf 84' lang='grc' dir='ltr'>ἀλλ’</span> <span class='ocrx_word' id='word_1_160' title='bbox 1556 1337 1690 1415; x_wconf 75' lang='grc' dir='ltr'>ἅπερ</span> <span class='ocrx_word' id='word_1_161' title='bbox 1752 1336 1814 1392; x_wconf 82' lang='grc' dir='ltr'><strong>ἂν</strong></span> <span class='ocrx_word' id='word_1_162' title='bbox 1877 1337 1956 1392; x_wconf 80' lang='grc' dir='ltr'><strong>εἴτ</strong></span> 
     </span>
    </p>
   </div>
   <div class='ocr_carea' id='block_1_22' title="bbox 2042 1334 3716 1421">
    <p class='ocr_par' dir='ltr' id='par_1_22' title="bbox 2055 1334 3716 1421">
     <span class='ocr_line' id='line_1_22' title="bbox 2055 1334 3716 1421; baseline 0.004 -25"><span class='ocrx_word' id='word_1_163' title='bbox 2055 1353 2248 1398; x_wconf 86' lang='lat' dir='ltr'><strong>meum</strong></span> <span class='ocrx_word' id='word_1_164' title='bbox 2283 1346 2391 1411; x_wconf 87' lang='lat' dir='ltr'><strong>est,</strong></span> <span class='ocrx_word' id='word_1_165' title='bbox 2426 1338 2638 1419; x_wconf 84' lang='lat' dir='ltr'><strong>inquit,</strong></span> <span class='ocrx_word' id='word_1_166' title='bbox 2680 1357 2871 1418; x_wconf 89' lang='lat' dir='ltr'><strong>neque</strong></span> <span class='ocrx_word' id='word_1_167' title='bbox 2900 1358 2934 1400; x_wconf 90' lang='lat' dir='ltr'><strong>a</strong></span> <span class='ocrx_word' id='word_1_168' title='bbox 2992 1340 3241 1420; x_wconf 91' lang='lat' dir='ltr'><strong>meipso,</strong></span> <span class='ocrx_word' id='word_1_169' title='bbox 3279 1348 3554 1421; x_wconf 75' lang='lat' dir='ltr'><strong>tanquam</strong></span> <span class='ocrx_word' id='word_1_170' title='bbox 3589 1334 3716 1403; x_wconf 48' lang='lat' dir='ltr'><strong>ad;</strong></span> 
     </span>
    </p>
   </div>
   <div class='ocr_carea' id='block_1_23' title="bbox 318 1424 1956 1509">
    <p class='ocr_par' dir='ltr' id='par_1_23' title="bbox 318 1424 1528 1501">
     <span class='ocr_line' id='line_1_23' title="bbox 318 1424 1528 1501; baseline 0.002 -25"><span class='ocrx_word' id='word_1_171' title='bbox 318 1432 407 1481; x_wconf 65' lang='lat' dir='ltr'><strong>tot)</strong></span> <span class='ocrx_word' id='word_1_172' title='bbox 438 1425 669 1497; x_wconf 66' lang='grc' dir='ltr'>ῐΙκτρὸς,</span> <span class='ocrx_word' id='word_1_173' title='bbox 700 1432 864 1481; x_wconf 78' lang='grc' dir='ltr'>ταῦτα</span> <span class='ocrx_word' id='word_1_174' title='bbox 886 1426 975 1482; x_wconf 87' lang='grc' dir='ltr'><strong>καὶ</strong></span> <span class='ocrx_word' id='word_1_175' title='bbox 1004 1424 1110 1499; x_wconf 74' lang='grc' dir='ltr'>ἐμαί</span> <span class='ocrx_word' id='word_1_176' title='bbox 1139 1424 1252 1481; x_wconf 76' lang='grc' dir='ltr'>ἐστι</span> <span class='ocrx_word' id='word_1_177' title='bbox 1289 1424 1528 1501; x_wconf 82' lang='grc' dir='ltr'>ῥήματα.</span> 
     </span>
    </p>
   </div>
   <div class='ocr_carea' id='block_1_24' title="bbox 2042 1424 3707 1509">
    <p class='ocr_par' dir='ltr' id='par_1_24' title="bbox 2051 1425 3707 1509">
     <span class='ocr_line' id='line_1_24' title="bbox 2051 1425 3707 1509; baseline 0.005 -26"><span class='ocrx_word' id='word_1_178' title='bbox 2051 1425 2347 1488; x_wconf 85' lang='lat' dir='ltr'><strong>versarius</strong></span> <span class='ocrx_word' id='word_1_179' title='bbox 2382 1429 2524 1502; x_wconf 88' lang='lat' dir='ltr'><strong>Deo,</strong></span> <span class='ocrx_word' id='word_1_180' title='bbox 2560 1428 2799 1508; x_wconf 81' lang='lat' dir='ltr'><strong>loquor:</strong></span> <span class='ocrx_word' id='word_1_181' title='bbox 2827 1428 2929 1489; x_wconf 89' lang='lat' dir='ltr'><strong>sed</strong></span> <span class='ocrx_word' id='word_1_182' title='bbox 2959 1446 3330 1509; x_wconf 67' lang='lat' dir='ltr'><strong>quaecunque</strong></span> <span class='ocrx_word' id='word_1_183' title='bbox 3359 1428 3707 1492; x_wconf 81' lang='lat' dir='ltr'><strong>illaluerint</strong></span> 
     </span>
    </p>
   </div>
   <div class='ocr_carea' id='block_1_25' title="bbox 2051 1512 3065 1593">
    <p class='ocr_par' dir='ltr' id='par_1_25' title="bbox 2051 1512 3065 1593">
     <span class='ocr_line' id='line_1_25' title="bbox 2051 1512 3065 1593; baseline 0.002 -19"><span class='ocrx_word' id='word_1_184' title='bbox 2051 1512 2263 1593; x_wconf 84' lang='lat' dir='ltr'><strong>Patris,</strong></span> <span class='ocrx_word' id='word_1_185' title='bbox 2298 1515 2423 1577; x_wconf 66' lang='lat' dir='ltr'><strong>haec</strong></span> <span class='ocrx_word' id='word_1_186' title='bbox 2448 1524 2508 1577; x_wconf 90' lang='lat' dir='ltr'><strong>et.</strong></span> <span class='ocrx_word' id='word_1_187' title='bbox 2537 1535 2668 1577; x_wconf 91' lang='lat' dir='ltr'><strong>mea</strong></span> <span class='ocrx_word' id='word_1_188' title='bbox 2698 1516 2878 1578; x_wconf 87' lang='lat' dir='ltr'><strong>verba</strong></span> <span class='ocrx_word' id='word_1_189' title='bbox 2907 1528 3065 1577; x_wconf 89' lang='lat' dir='ltr'><strong>sunt.</strong></span> 
     </span>
    </p>
   </div>
   <div class='ocr_carea' id='block_1_26' title="bbox 417 1599 1956 1685">
    <p class='ocr_par' dir='ltr' id='par_1_26' title="bbox 417 1599 1956 1680">
     <span class='ocr_line' id='line_1_26' title="bbox 417 1599 1956 1680; baseline 0.005 -28"><span class='ocrx_word' id='word_1_190' title='bbox 417 1626 439 1653; x_wconf 75' lang='grc' dir='ltr'><strong>ιι</strong></span> <span class='ocrx_word' id='word_1_191' title='bbox 475 1599 599 1657; x_wconf 73' lang='grc' dir='ltr'><strong>Ἐςὶν</strong></span> <span class='ocrx_word' id='word_1_192' title='bbox 637 1624 717 1664; x_wconf 79' lang='grc' dir='ltr'><strong>τις</strong></span> <span class='ocrx_word' id='word_1_193' title='bbox 749 1600 876 1679; x_wconf 72' lang='grc' dir='ltr'>θέλῃ</span> <span class='ocrx_word' id='word_1_194' title='bbox 905 1604 968 1659; x_wconf 70' lang='grc' dir='ltr'>τὸ</span> <span class='ocrx_word' id='word_1_195' title='bbox 994 1602 1203 1677; x_wconf 78' lang='grc' dir='ltr'>θέλημα</span> <span class='ocrx_word' id='word_1_196' title='bbox 1254 1603 1410 1659; x_wconf 68' lang='grc' dir='ltr'>αὑτοῦ</span> <span class='ocrx_word' id='word_1_197' title='bbox 1454 1614 1653 1673; x_wconf 80' lang='grc' dir='ltr'><strong>ποιεῖν,</strong></span> <span class='ocrx_word' id='word_1_198' title='bbox 1712 1606 1956 1680; x_wconf 56' lang='grc' dir='ltr'>γνώσεταπ</span> 
     </span>
    </p>
   </div>
   <div class='ocr_carea' id='block_1_27' title="bbox 2042 1599 3702 1685">
    <p class='ocr_par' dir='ltr' id='par_1_27' title="bbox 2133 1601 3702 1685">
     <span class='ocr_line' id='line_1_27' title="bbox 2133 1601 3702 1685; baseline 0.004 -21"><span class='ocrx_word' id='word_1_199' title='bbox 2133 1601 2313 1666; x_wconf 66' lang='lat' dir='ltr'><strong>Vens.</strong></span> <span class='ocrx_word' id='word_1_200' title='bbox 2346 1604 2653 1676; x_wconf 73' lang='lat' dir='ltr'><strong>17,18.«Si</strong></span> <span class='ocrx_word' id='word_1_201' title='bbox 2686 1605 2817 1683; x_wconf 84' lang='lat' dir='ltr'><strong>quis</strong></span> <span class='ocrx_word' id='word_1_202' title='bbox 2850 1604 3097 1667; x_wconf 87' lang='lat' dir='ltr'><strong>voluerit</strong></span> <span class='ocrx_word' id='word_1_203' title='bbox 3127 1604 3487 1669; x_wconf 80' lang='lat' dir='ltr'><strong>voluntatem</strong></span> <span class='ocrx_word' id='word_1_204' title='bbox 3514 1606 3702 1685; x_wconf 89' lang='lat' dir='ltr'><strong>ipsius</strong></span> 
     </span>
    </p>
   </div>
   <div class='ocr_carea' id='block_1_28' title="bbox 331 1688 1956 1774">
    <p class='ocr_par' dir='ltr' id='par_1_28' title="bbox 331 1688 1956 1774">
     <span class='ocr_line' id='line_1_28' title="bbox 331 1688 1956 1774; baseline 0.002 -28"><span class='ocrx_word' id='word_1_205' title='bbox 331 1692 447 1768; x_wconf 80' lang='grc' dir='ltr'><strong>περί</strong></span> <span class='ocrx_word' id='word_1_206' title='bbox 504 1691 601 1758; x_wconf 73' lang='grc' dir='ltr'><strong>τῆς</strong></span> <span class='ocrx_word' id='word_1_207' title='bbox 633 1688 883 1770; x_wconf 75' lang='grc' dir='ltr'>διδαχῆς,</span> <span class='ocrx_word' id='word_1_208' title='bbox 919 1691 1142 1774; x_wconf 72' lang='grc' dir='ltr'>πότερον</span> <span class='ocrx_word' id='word_1_209' title='bbox 1174 1690 1234 1747; x_wconf 72' lang='grc' dir='ltr'>ὲκ</span> <span class='ocrx_word' id='word_1_210' title='bbox 1262 1698 1353 1748; x_wconf 77' lang='grc' dir='ltr'><strong>τοῦ</strong></span> <span class='ocrx_word' id='word_1_211' title='bbox 1395 1698 1526 1747; x_wconf 78' lang='grc' dir='ltr'>Θεοῦ</span> <span class='ocrx_word' id='word_1_212' title='bbox 1575 1692 1737 1764; x_wconf 83' lang='grc' dir='ltr'>ἑστιν,</span> <span class='ocrx_word' id='word_1_213' title='bbox 1784 1692 1820 1760; x_wconf 72' lang='grc' dir='ltr'><strong>ἢ</strong></span> <span class='ocrx_word' id='word_1_214' title='bbox 1865 1694 1956 1771; x_wconf 74' lang='grc' dir='ltr'><strong>ἐγιὶ</strong></span> 
     </span>
    </p>
   </div>
   <div class='ocr_carea' id='block_1_29' title="bbox 2042 1688 3700 1774">
    <p class='ocr_par' dir='ltr' id='par_1_29' title="bbox 2052 1691 3700 1774">
     <span class='ocr_line' id='line_1_29' title="bbox 2052 1691 3700 1774; baseline 0.004 -23"><span class='ocrx_word' id='word_1_215' title='bbox 2052 1691 2427 1765; x_wconf 88' lang='lat' dir='ltr'><strong>facere,sciet</strong></span> <span class='ocrx_word' id='word_1_216' title='bbox 2451 1692 2525 1753; x_wconf 83' lang='lat' dir='ltr'><strong>tle</strong></span> <span class='ocrx_word' id='word_1_217' title='bbox 2553 1692 2823 1753; x_wconf 89' lang='lat' dir='ltr'><strong>doctrina</strong></span> <span class='ocrx_word' id='word_1_218' title='bbox 2851 1701 3046 1755; x_wconf 90' lang='lat' dir='ltr'><strong>utrum</strong></span> <span class='ocrx_word' id='word_1_219' title='bbox 3070 1711 3141 1755; x_wconf 79' lang='lat' dir='ltr'><strong>ex</strong></span> <span class='ocrx_word' id='word_1_220' title='bbox 3166 1696 3285 1756; x_wconf 82' lang='lat' dir='ltr'><strong>Deo</strong></span> <span class='ocrx_word' id='word_1_221' title='bbox 3317 1694 3418 1768; x_wconf 88' lang='lat' dir='ltr'><strong>sit,</strong></span> <span class='ocrx_word' id='word_1_222' title='bbox 3439 1714 3512 1756; x_wconf 87' lang='lat' dir='ltr'><strong>an</strong></span> <span class='ocrx_word' id='word_1_223' title='bbox 3539 1714 3645 1774; x_wconf 89' lang='lat' dir='ltr'><strong>ego</strong></span> <span class='ocrx_word' id='word_1_224' title='bbox 3666 1715 3700 1758; x_wconf 91' lang='lat' dir='ltr'><strong>a</strong></span> 
     </span>
    </p>
   </div>
   <div class='ocr_carea' id='block_1_30' title="bbox 331 1772 1956 1863">
    <p class='ocr_par' dir='ltr' id='par_1_30' title="bbox 331 1772 1956 1863">
     <span class='ocr_line' id='line_1_30' title="bbox 331 1772 1956 1863; baseline 0.004 -31"><span class='ocrx_word' id='word_1_225' title='bbox 331 1776 424 1834; x_wconf 73' lang='grc' dir='ltr'><strong>ἀπ’</strong></span> <span class='ocrx_word' id='word_1_226' title='bbox 452 1779 682 1854; x_wconf 78' lang='grc' dir='ltr'>ἐμαυτοῦ</span> <span class='ocrx_word' id='word_1_227' title='bbox 738 1778 907 1863; x_wconf 61' lang='grc' dir='ltr'>λαλῶ,</span> <span class='ocrx_word' id='word_1_228' title='bbox 948 1772 1005 1837; x_wconf 77' lang='grc' dir='ltr'>Ὀ</span> <span class='ocrx_word' id='word_1_229' title='bbox 1062 1779 1151 1859; x_wconf 78' lang='grc' dir='ltr'>ἀφ’</span> <span class='ocrx_word' id='word_1_230' title='bbox 1210 1780 1398 1836; x_wconf 76' lang='grc' dir='ltr'>ἑαυτοῦ</span> <span class='ocrx_word' id='word_1_231' title='bbox 1445 1777 1644 1851; x_wconf 88' lang='grc' dir='ltr'>λαλῶν,</span> <span class='ocrx_word' id='word_1_232' title='bbox 1696 1781 1794 1848; x_wconf 80' lang='grc' dir='ltr'><strong>τὴν</strong></span> <span class='ocrx_word' id='word_1_233' title='bbox 1823 1778 1956 1846; x_wconf 51' lang='grc' dir='ltr'>δόξαι</span> 
     </span>
    </p>
   </div>
   <div class='ocr_carea' id='block_1_31' title="bbox 2042 1772 3694 1863">
    <p class='ocr_par' dir='ltr' id='par_1_31' title="bbox 2054 1772 3694 1863">
     <span class='ocr_line' id='line_1_31' title="bbox 2054 1772 3694 1863; baseline 0.002 -23"><span class='ocrx_word' id='word_1_234' title='bbox 2054 1779 2280 1859; x_wconf 89' lang='lat' dir='ltr'><strong>meipso</strong></span> <span class='ocrx_word' id='word_1_235' title='bbox 2310 1780 2535 1859; x_wconf 89' lang='lat' dir='ltr'><strong>loquar.</strong></span> <span class='ocrx_word' id='word_1_236' title='bbox 2570 1780 2680 1853; x_wconf 87' lang='lat' dir='ltr'><strong>Qui</strong></span> <span class='ocrx_word' id='word_1_237' title='bbox 2710 1799 2744 1844; x_wconf 90' lang='lat' dir='ltr'><strong>a</strong></span> <span class='ocrx_word' id='word_1_238' title='bbox 2768 1780 3086 1862; x_wconf 87' lang='lat' dir='ltr'><strong>semetipso</strong></span> <span class='ocrx_word' id='word_1_239' title='bbox 3133 1781 3416 1863; x_wconf 88' lang='lat' dir='ltr'><strong>loquitur,</strong></span> <span class='ocrx_word' id='word_1_240' title='bbox 3446 1772 3694 1861; x_wconf 82' lang='lat' dir='ltr'><strong>gloriam</strong></span> 
     </span>
    </p>
   </div>
   <div class='ocr_carea' id='block_1_32' title="bbox 326 1859 1956 1963">
    <p class='ocr_par' dir='ltr' id='par_1_32' title="bbox 326 1859 1956 1945">
     <span class='ocr_line' id='line_1_32' title="bbox 326 1859 1956 1945; baseline 0.002 -23"><span class='ocrx_word' id='word_1_241' title='bbox 326 1867 424 1934; x_wconf 78' lang='grc' dir='ltr'>τὴν</span> <span class='ocrx_word' id='word_1_242' title='bbox 466 1866 596 1923; x_wconf 83' lang='grc' dir='ltr'>ἰδίαν</span> <span class='ocrx_word' id='word_1_243' title='bbox 649 1874 831 1938; x_wconf 83' lang='grc' dir='ltr'>ζητεῖ.</span> <span class='ocrx_word' id='word_1_244' title='bbox 893 1859 950 1926; x_wconf 63' lang='grc' dir='ltr'>Ὀ</span> <span class='ocrx_word' id='word_1_245' title='bbox 993 1867 1050 1924; x_wconf 78' lang='grc' dir='ltr'>δὲ</span> <span class='ocrx_word' id='word_1_246' title='bbox 1088 1874 1265 1939; x_wconf 78' lang='grc' dir='ltr'>ζητῶν</span> <span class='ocrx_word' id='word_1_247' title='bbox 1294 1868 1395 1935; x_wconf 77' lang='grc' dir='ltr'><strong>τὴν</strong></span> <span class='ocrx_word' id='word_1_248' title='bbox 1424 1866 1574 1933; x_wconf 78' lang='grc' dir='ltr'>δόξαν</span> <span class='ocrx_word' id='word_1_249' title='bbox 1597 1875 1687 1926; x_wconf 78' lang='grc' dir='ltr'><strong>τοῦ</strong></span> <span class='ocrx_word' id='word_1_250' title='bbox 1716 1868 1956 1945; x_wconf 74' lang='grc' dir='ltr'>πέμψαν-</span> 
     </span>
    </p>
   </div>
   <div class='ocr_carea' id='block_1_33' title="bbox 2042 1859 3698 1963">
    <p class='ocr_par' dir='ltr' id='par_1_33' title="bbox 2055 1859 3698 1963">
     <span class='ocr_line' id='line_1_33' title="bbox 2055 1859 3698 1963; baseline 0.001 -33"><span class='ocrx_word' id='word_1_251' title='bbox 2055 1868 2590 1963; x_wconf 75' lang='lat' dir='ltr'><strong>propriamquzerit</strong></span> <span class='ocrx_word' id='word_1_252' title='bbox 2614 1890 2628 1963; x_wconf 61' lang='grc' dir='ltr'>ξ</span> <span class='ocrx_word' id='word_1_253' title='bbox 2656 1869 2754 1963; x_wconf 80' lang='lat' dir='ltr'><strong>qui</strong></span> <span class='ocrx_word' id='word_1_254' title='bbox 2785 1859 3229 1963; x_wconf 35' lang='lat' dir='ltr'><strong>autem—quaerit</strong></span> <span class='ocrx_word' id='word_1_255' title='bbox 3284 1859 3539 1963; x_wconf 71' lang='lat' dir='ltr'><strong>gloriam</strong></span> <span class='ocrx_word' id='word_1_256' title='bbox 3567 1872 3698 1951; x_wconf 90' lang='lat' dir='ltr'><strong>ejus</strong></span> 
     </span>
    </p>
   </div>
   <div class='ocr_carea' id='block_1_34' title="bbox 326 1953 1956 2038">
    <p class='ocr_par' dir='ltr' id='par_1_34' title="bbox 326 1953 1956 2035">
     <span class='ocr_line' id='line_1_34' title="bbox 326 1953 1956 2035; baseline 0.001 -25"><span class='ocrx_word' id='word_1_257' title='bbox 326 1978 412 2019; x_wconf 77' lang='grc' dir='ltr'>τος</span> <span class='ocrx_word' id='word_1_258' title='bbox 456 1957 636 2032; x_wconf 70' lang='grc' dir='ltr'>αὖτὸν,</span> <span class='ocrx_word' id='word_1_259' title='bbox 690 1957 842 2021; x_wconf 77' lang='grc' dir='ltr'>οὗτος</span> <span class='ocrx_word' id='word_1_260' title='bbox 884 1955 1089 2027; x_wconf 85' lang='grc' dir='ltr'>ἀληθής</span> <span class='ocrx_word' id='word_1_261' title='bbox 1130 1960 1267 2035; x_wconf 75' lang='grc' dir='ltr'>ὶστι,</span> <span class='ocrx_word' id='word_1_262' title='bbox 1328 1958 1415 2012; x_wconf 85' lang='grc' dir='ltr'>καὶ</span> <span class='ocrx_word' id='word_1_263' title='bbox 1463 1953 1637 2013; x_wconf 78' lang='grc' dir='ltr'>ἀδικία</span> <span class='ocrx_word' id='word_1_264' title='bbox 1696 1959 1792 2013; x_wconf 75' lang='grc' dir='ltr'>οὐκ</span> <span class='ocrx_word' id='word_1_265' title='bbox 1830 1956 1956 2013; x_wconf 66' lang='lat' dir='ltr'><strong>Eam</strong></span> 
     </span>
    </p>
   </div>
   <div class='ocr_carea' id='block_1_35' title="bbox 2042 1953 3696 2038">
    <p class='ocr_par' dir='ltr' id='par_1_35' title="bbox 2052 1956 3696 2038">
     <span class='ocr_line' id='line_1_35' title="bbox 2052 1956 3696 2038; baseline 0.002 -21"><span class='ocrx_word' id='word_1_266' title='bbox 2052 1957 2154 2038; x_wconf 87' lang='lat' dir='ltr'><strong>qui</strong></span> <span class='ocrx_word' id='word_1_267' title='bbox 2178 1956 2336 2017; x_wconf 85' lang='lat' dir='ltr'><strong>misit</strong></span> <span class='ocrx_word' id='word_1_268' title='bbox 2363 1957 2578 2038; x_wconf 88' lang='lat' dir='ltr'><strong>ipsum,</strong></span> <span class='ocrx_word' id='word_1_269' title='bbox 2615 1957 2711 2019; x_wconf 91' lang='lat' dir='ltr'><strong>hic</strong></span> <span class='ocrx_word' id='word_1_270' title='bbox 2744 1975 2924 2019; x_wconf 80' lang='lat' dir='ltr'><strong>verax</strong></span> <span class='ocrx_word' id='word_1_271' title='bbox 2968 1965 3077 2037; x_wconf 90' lang='lat' dir='ltr'><strong>est,</strong></span> <span class='ocrx_word' id='word_1_272' title='bbox 3104 1966 3163 2018; x_wconf 87' lang='lat' dir='ltr'><strong>et</strong></span> <span class='ocrx_word' id='word_1_273' title='bbox 3213 1958 3502 2038; x_wconf 77' lang='lat' dir='ltr'><strong>injustitiu</strong></span> <span class='ocrx_word' id='word_1_274' title='bbox 3534 1960 3595 2023; x_wconf 92' lang='lat' dir='ltr'><strong>in</strong></span> <span class='ocrx_word' id='word_1_275' title='bbox 3626 1978 3696 2021; x_wconf 94' lang='lat' dir='ltr'><strong>eo</strong></span> 
     </span>
    </p>
   </div>
   <div class='ocr_carea' id='block_1_36' title="bbox 325 2036 1956 2129">
    <p class='ocr_par' dir='ltr' id='par_1_36' title="bbox 325 2036 1956 2125">
     <span class='ocr_line' id='line_1_36' title="bbox 325 2036 1956 2125; baseline 0.001 -25"><span class='ocrx_word' id='word_1_276' title='bbox 325 2046 380 2100; x_wconf 78' lang='grc' dir='ltr'><strong>ἰν</strong></span> <span class='ocrx_word' id='word_1_277' title='bbox 432 2045 595 2120; x_wconf 67' lang='grc' dir='ltr'>αὐτῷ.</span> <span class='ocrx_word' id='word_1_278' title='bbox 664 2068 687 2101; x_wconf 69' lang='grc' dir='ltr'><strong><em>η</em></strong></span> <span class='ocrx_word' id='word_1_279' title='bbox 758 2048 954 2119; x_wconf 81' lang='grc' dir='ltr'><strong>Εἰπὼν,</strong></span> <span class='ocrx_word' id='word_1_280' title='bbox 1017 2044 1099 2102; x_wconf 76' lang='grc' dir='ltr'><strong>ὅτι</strong></span> <span class='ocrx_word' id='word_1_281' title='bbox 1150 2066 1174 2102; x_wconf 77' lang='grc' dir='ltr'><strong>ε</strong></span> <span class='ocrx_word' id='word_1_282' title='bbox 1219 2036 1281 2103; x_wconf 76' lang='grc' dir='ltr'><strong><em>Ἢ</em></strong></span> <span class='ocrx_word' id='word_1_283' title='bbox 1330 2045 1435 2121; x_wconf 74' lang='grc' dir='ltr'><strong>ἐμὴ</strong></span> <span class='ocrx_word' id='word_1_284' title='bbox 1479 2043 1676 2125; x_wconf 71' lang='grc' dir='ltr'>διδαχὴ</span> <span class='ocrx_word' id='word_1_285' title='bbox 1707 2045 1801 2101; x_wconf 72' lang='grc' dir='ltr'>οὒκ</span> <span class='ocrx_word' id='word_1_286' title='bbox 1829 2046 1956 2103; x_wconf 62' lang='grc' dir='ltr'>ἕστιι</span> 
     </span>
    </p>
   </div>
   <div class='ocr_carea' id='block_1_37' title="bbox 2042 2036 3690 2129">
    <p class='ocr_par' dir='ltr' id='par_1_37' title="bbox 2053 2036 3690 2129">
     <span class='ocr_line' id='line_1_37' title="bbox 2053 2036 3690 2129; baseline -0.002 -23"><span class='ocrx_word' id='word_1_287' title='bbox 2053 2036 2171 2108; x_wconf 83' lang='lat' dir='ltr'><strong>non</strong></span> <span class='ocrx_word' id='word_1_288' title='bbox 2197 2056 2307 2109; x_wconf 90' lang='lat' dir='ltr'><strong>est.</strong></span> <span class='ocrx_word' id='word_1_289' title='bbox 2336 2067 2356 2097; x_wconf 72' lang='grc' dir='ltr'><strong>ι</strong></span> <span class='ocrx_word' id='word_1_290' title='bbox 2390 2036 2636 2109; x_wconf 84' lang='lat' dir='ltr'><strong>Dixerat</strong></span> <span class='ocrx_word' id='word_1_291' title='bbox 2672 2068 2685 2110; x_wconf 89' lang='lat'><strong>:</strong></span> <span class='ocrx_word' id='word_1_292' title='bbox 2725 2072 2750 2102; x_wconf 78' lang='grc' dir='ltr'><strong>α</strong></span> <span class='ocrx_word' id='word_1_293' title='bbox 2784 2049 2915 2111; x_wconf 81' lang='lat' dir='ltr'><strong>Mea</strong></span> <span class='ocrx_word' id='word_1_294' title='bbox 2939 2036 3210 2108; x_wconf 83' lang='lat' dir='ltr'><strong>doctrina</strong></span> <span class='ocrx_word' id='word_1_295' title='bbox 3234 2036 3349 2109; x_wconf 85' lang='lat' dir='ltr'><strong>non</strong></span> <span class='ocrx_word' id='word_1_296' title='bbox 3382 2056 3471 2109; x_wconf 83' lang='lat' dir='ltr'><strong>est</strong></span> <span class='ocrx_word' id='word_1_297' title='bbox 3500 2067 3690 2129; x_wconf 63' lang='lat' dir='ltr'><strong>mea,»</strong></span> 
     </span>
    </p>
   </div>
   <div class='ocr_carea' id='block_1_38' title="bbox 323 2132 1956 2212">
    <p class='ocr_par' dir='ltr' id='par_1_38' title="bbox 323 2132 1956 2212">
     <span class='ocr_line' id='line_1_38' title="bbox 323 2132 1956 2212; baseline 0.002 -24"><span class='ocrx_word' id='word_1_298' title='bbox 323 2132 453 2212; x_wconf 73' lang='grc' dir='ltr'>ἐμὴ,</span> <span class='ocrx_word' id='word_1_299' title='bbox 495 2155 518 2189; x_wconf 71' lang='grc' dir='ltr'><strong>ε</strong></span> <span class='ocrx_word' id='word_1_300' title='bbox 566 2140 864 2212; x_wconf 72' lang='grc' dir='ltr'>τουτέστιν,</span> <span class='ocrx_word' id='word_1_301' title='bbox 924 2133 1129 2190; x_wconf 68' lang='grc' dir='ltr'>ἐναντία</span> <span class='ocrx_word' id='word_1_302' title='bbox 1188 2140 1325 2208; x_wconf 82' lang='grc' dir='ltr'>Θεῷ,</span> <span class='ocrx_word' id='word_1_303' title='bbox 1366 2152 1391 2189; x_wconf 76' lang='grc' dir='ltr'><strong>α</strong></span> <span class='ocrx_word' id='word_1_304' title='bbox 1427 2132 1563 2189; x_wconf 84' lang='grc' dir='ltr'>ἀλλᾶ</span> <span class='ocrx_word' id='word_1_305' title='bbox 1618 2141 1710 2192; x_wconf 77' lang='grc' dir='ltr'><strong>τοῦ</strong></span> <span class='ocrx_word' id='word_1_306' title='bbox 1767 2135 1956 2212; x_wconf 64' lang='grc' dir='ltr'>Πατρός</span> 
     </span>
    </p>
   </div>
   <div class='ocr_carea' id='block_1_39' title="bbox 2042 2132 3688 2212">
    <p class='ocr_par' dir='ltr' id='par_1_39' title="bbox 2051 2134 3688 2211">
     <span class='ocr_line' id='line_1_39' title="bbox 2051 2134 3688 2211; baseline 0.001 -15"><span class='ocrx_word' id='word_1_307' title='bbox 2051 2134 2165 2196; x_wconf 90' lang='lat' dir='ltr'><strong>hoc</strong></span> <span class='ocrx_word' id='word_1_308' title='bbox 2206 2142 2316 2211; x_wconf 90' lang='lat' dir='ltr'><strong>est,</strong></span> <span class='ocrx_word' id='word_1_309' title='bbox 2363 2135 2700 2197; x_wconf 87' lang='lat' dir='ltr'><strong>adversaria</strong></span> <span class='ocrx_word' id='word_1_310' title='bbox 2752 2138 2895 2210; x_wconf 91' lang='lat' dir='ltr'><strong>Deo,</strong></span> <span class='ocrx_word' id='word_1_311' title='bbox 2949 2156 2974 2189; x_wconf 72' lang='grc' dir='ltr'><strong><em>α</em></strong></span> <span class='ocrx_word' id='word_1_312' title='bbox 3005 2136 3111 2198; x_wconf 88' lang='lat' dir='ltr'><strong>sed</strong></span> <span class='ocrx_word' id='word_1_313' title='bbox 3142 2136 3331 2198; x_wconf 87' lang='lat' dir='ltr'><strong>Patris</strong></span> <span class='ocrx_word' id='word_1_314' title='bbox 3363 2137 3483 2197; x_wconf 86' lang='lat' dir='ltr'><strong>mei</strong></span> <span class='ocrx_word' id='word_1_315' title='bbox 3512 2144 3622 2208; x_wconf 90' lang='lat' dir='ltr'><strong>est,</strong></span> <span class='ocrx_word' id='word_1_316' title='bbox 3664 2160 3688 2187; x_wconf 64' lang='grc' dir='ltr'>υ</span> 
     </span>
    </p>
   </div>
   <div class='ocr_carea' id='block_1_40' title="bbox 324 2219 1956 2305">
    <p class='ocr_par' dir='ltr' id='par_1_40' title="bbox 324 2219 1956 2302">
     <span class='ocr_line' id='line_1_40' title="bbox 324 2219 1956 2302; baseline 0.001 -23"><span class='ocrx_word' id='word_1_317' title='bbox 324 2230 428 2297; x_wconf 80' lang='grc' dir='ltr'>μοῦ</span> <span class='ocrx_word' id='word_1_318' title='bbox 458 2221 623 2302; x_wconf 68' lang='grc' dir='ltr'>ἔστιν,</span> <span class='ocrx_word' id='word_1_319' title='bbox 661 2246 688 2277; x_wconf 73' lang='grc' dir='ltr'><strong>ι</strong></span> <span class='ocrx_word' id='word_1_320' title='bbox 723 2224 909 2302; x_wconf 80' lang='grc' dir='ltr'>φησὶν,</span> <span class='ocrx_word' id='word_1_321' title='bbox 941 2220 1022 2277; x_wconf 81' lang='grc' dir='ltr'><strong>ὅτι</strong></span> <span class='ocrx_word' id='word_1_322' title='bbox 1055 2219 1179 2282; x_wconf 80' lang='grc' dir='ltr'>Ἐάν</span> <span class='ocrx_word' id='word_1_323' title='bbox 1233 2244 1317 2286; x_wconf 90' lang='grc' dir='ltr'><strong>τις</strong></span> <span class='ocrx_word' id='word_1_324' title='bbox 1363 2222 1423 2277; x_wconf 77' lang='grc' dir='ltr'>τὸ</span> <span class='ocrx_word' id='word_1_325' title='bbox 1451 2221 1659 2296; x_wconf 80' lang='grc' dir='ltr'>θέλημα</span> <span class='ocrx_word' id='word_1_326' title='bbox 1687 2230 1779 2279; x_wconf 83' lang='grc' dir='ltr'><strong>τοῦ</strong></span> <span class='ocrx_word' id='word_1_327' title='bbox 1837 2224 1956 2281; x_wconf 82' lang='grc' dir='ltr'>Θεοῖ</span> 
     </span>
    </p>
   </div>
   <div class='ocr_carea' id='block_1_41' title="bbox 2042 2219 3692 2305">
    <p class='ocr_par' dir='ltr' id='par_1_41' title="bbox 2049 2223 3692 2305">
     <span class='ocr_line' id='line_1_41' title="bbox 2049 2223 3692 2305; baseline 0.001 -21"><span class='ocrx_word' id='word_1_328' title='bbox 2049 2223 2261 2304; x_wconf 87' lang='lat' dir='ltr'><strong>inquit.</strong></span> <span class='ocrx_word' id='word_1_329' title='bbox 2298 2223 2358 2287; x_wconf 89' lang='lat' dir='ltr'><strong>Si</strong></span> <span class='ocrx_word' id='word_1_330' title='bbox 2390 2225 2524 2305; x_wconf 87' lang='lat' dir='ltr'><strong>quis</strong></span> <span class='ocrx_word' id='word_1_331' title='bbox 2547 2224 2903 2285; x_wconf 84' lang='lat' dir='ltr'><strong>voluntatem</strong></span> <span class='ocrx_word' id='word_1_332' title='bbox 2944 2223 3051 2287; x_wconf 89' lang='lat' dir='ltr'><strong>Dei</strong></span> <span class='ocrx_word' id='word_1_333' title='bbox 3082 2223 3307 2305; x_wconf 83' lang='lat' dir='ltr'><strong>fecerit,</strong></span> <span class='ocrx_word' id='word_1_334' title='bbox 3356 2224 3467 2286; x_wconf 88' lang='lat' dir='ltr'><strong>hoc</strong></span> <span class='ocrx_word' id='word_1_335' title='bbox 3498 2233 3609 2305; x_wconf 87' lang='lat' dir='ltr'><strong>est,</strong></span> <span class='ocrx_word' id='word_1_336' title='bbox 3644 2226 3692 2285; x_wconf 91' lang='lat' dir='ltr'><strong>si</strong></span> 
     </span>
    </p>
   </div>
   <div class='ocr_carea' id='block_1_42' title="bbox 326 2308 1966 2391">
    <p class='ocr_par' dir='ltr' id='par_1_42' title="bbox 326 2308 1966 2391">
     <span class='ocr_line' id='line_1_42' title="bbox 326 2308 1966 2391; baseline 0.002 -25"><span class='ocrx_word' id='word_1_337' title='bbox 326 2316 477 2387; x_wconf 81' lang='grc' dir='ltr'>ποιῇ,</span> <span class='ocrx_word' id='word_1_338' title='bbox 511 2310 804 2390; x_wconf 74' lang='grc' dir='ltr'>τουτέστιν,</span> <span class='ocrx_word' id='word_1_339' title='bbox 834 2308 961 2367; x_wconf 80' lang='grc' dir='ltr'>Ἐάν</span> <span class='ocrx_word' id='word_1_340' title='bbox 991 2332 1069 2375; x_wconf 87' lang='grc' dir='ltr'><strong>τις</strong></span> <span class='ocrx_word' id='word_1_341' title='bbox 1121 2311 1314 2390; x_wconf 78' lang='grc' dir='ltr'>ἀρετῆς</span> <span class='ocrx_word' id='word_1_342' title='bbox 1361 2310 1721 2391; x_wconf 76' lang='grc' dir='ltr'>ἀντιποιῆται,</span> <span class='ocrx_word' id='word_1_343' title='bbox 1773 2313 1861 2368; x_wconf 86' lang='grc' dir='ltr'><strong>καὶ</strong></span> <span class='ocrx_word' id='word_1_344' title='bbox 1905 2316 1966 2371; x_wconf 67' lang='lat' dir='ltr'><strong>ob</strong></span> 
     </span>
    </p>
   </div>
   <div class='ocr_carea' id='block_1_43' title="bbox 324 2396 1968 2479">
    <p class='ocr_par' dir='ltr' id='par_1_43' title="bbox 324 2396 1968 2479">
     <span class='ocr_line' id='line_1_43' title="bbox 324 2396 1968 2479; baseline 0.001 -24"><span class='ocrx_word' id='word_1_345' title='bbox 324 2399 497 2475; x_wconf 78' lang='grc' dir='ltr'>φθόνῳ</span> <span class='ocrx_word' id='word_1_346' title='bbox 551 2397 797 2478; x_wconf 76' lang='grc' dir='ltr'>δουλεύῃ,</span> <span class='ocrx_word' id='word_1_347' title='bbox 871 2396 987 2453; x_wconf 67' lang='grc' dir='ltr'>οὐδὲ</span> <span class='ocrx_word' id='word_1_348' title='bbox 1044 2402 1122 2474; x_wconf 78' lang='grc' dir='ltr'>τῷ</span> <span class='ocrx_word' id='word_1_349' title='bbox 1175 2398 1306 2477; x_wconf 88' lang='grc' dir='ltr'>πρός</span> <span class='ocrx_word' id='word_1_350' title='bbox 1385 2420 1450 2474; x_wconf 86' lang='grc' dir='ltr'><strong>με</strong></span> <span class='ocrx_word' id='word_1_351' title='bbox 1528 2400 1737 2474; x_wconf 84' lang='grc' dir='ltr'>ματαίῳ</span> <span class='ocrx_word' id='word_1_352' title='bbox 1795 2403 1968 2479; x_wconf 77' lang='grc' dir='ltr'>φθόνῳ</span> 
     </span>
    </p>
   </div>
   <div class='ocr_carea' id='block_1_44' title="bbox 324 2486 1965 2567">
    <p class='ocr_par' dir='ltr' id='par_1_44' title="bbox 324 2486 1965 2567">
     <span class='ocr_line' id='line_1_44' title="bbox 324 2486 1965 2567; baseline 0.002 -24"><span class='ocrx_word' id='word_1_353' title='bbox 324 2488 690 2562; x_wconf 74' lang='grc' dir='ltr'>ἐπισκοτῆται,</span> <span class='ocrx_word' id='word_1_354' title='bbox 744 2487 1003 2567; x_wconf 86' lang='grc' dir='ltr'>γνώσεται</span> <span class='ocrx_word' id='word_1_355' title='bbox 1074 2487 1181 2544; x_wconf 88' lang='grc' dir='ltr'><strong>τῶν</strong></span> <span class='ocrx_word' id='word_1_356' title='bbox 1237 2488 1380 2563; x_wconf 79' lang='grc' dir='ltr'>ἐμῶν</span> <span class='ocrx_word' id='word_1_357' title='bbox 1446 2486 1622 2566; x_wconf 88' lang='grc' dir='ltr'>λόγων</span> <span class='ocrx_word' id='word_1_358' title='bbox 1662 2489 1759 2557; x_wconf 84' lang='grc' dir='ltr'><strong>τὴν</strong></span> <span class='ocrx_word' id='word_1_359' title='bbox 1805 2487 1965 2545; x_wconf 81' lang='grc' dir='ltr'>δύνα-</span> 
     </span>
    </p>
   </div>
   <div class='ocr_carea' id='block_1_45' title="bbox 324 2575 1964 2656">
    <p class='ocr_par' dir='ltr' id='par_1_45' title="bbox 324 2575 1964 2656">
     <span class='ocr_line' id='line_1_45' title="bbox 324 2575 1964 2656; baseline 0.001 -25"><span class='ocrx_word' id='word_1_360' title='bbox 324 2600 439 2656; x_wconf 85' lang='grc' dir='ltr'>μιν,</span> <span class='ocrx_word' id='word_1_361' title='bbox 472 2577 562 2634; x_wconf 73' lang='grc' dir='ltr'><strong>έάν</strong></span> <span class='ocrx_word' id='word_1_362' title='bbox 603 2600 661 2634; x_wconf 92' lang='grc' dir='ltr'><strong>τε</strong></span> <span class='ocrx_word' id='word_1_363' title='bbox 708 2578 775 2634; x_wconf 79' lang='grc' dir='ltr'><strong>τὰ</strong></span> <span class='ocrx_word' id='word_1_364' title='bbox 816 2584 909 2634; x_wconf 80' lang='grc' dir='ltr'><strong>τοῦ</strong></span> <span class='ocrx_word' id='word_1_365' title='bbox 952 2579 1156 2656; x_wconf 80' lang='grc' dir='ltr'>Πατρὸς</span> <span class='ocrx_word' id='word_1_366' title='bbox 1200 2575 1373 2651; x_wconf 88' lang='grc' dir='ltr'>λαλῶ,</span> <span class='ocrx_word' id='word_1_367' title='bbox 1414 2579 1506 2634; x_wconf 68' lang='grc' dir='ltr'>ὶάν</span> <span class='ocrx_word' id='word_1_368' title='bbox 1562 2599 1619 2634; x_wconf 90' lang='grc' dir='ltr'>τε</span> <span class='ocrx_word' id='word_1_369' title='bbox 1675 2576 1793 2644; x_wconf 81' lang='grc' dir='ltr'>ξένα</span> <span class='ocrx_word' id='word_1_370' title='bbox 1848 2579 1964 2633; x_wconf 80' lang='grc' dir='ltr'>τινὰ</span> 
     </span>
    </p>
   </div>
   <div class='ocr_carea' id='block_1_46' title="bbox 320 2664 1964 2747">
    <p class='ocr_par' dir='ltr' id='par_1_46' title="bbox 320 2664 1964 2747">
     <span class='ocr_line' id='line_1_46' title="bbox 320 2664 1964 2747; baseline 0.001 -25"><span class='ocrx_word' id='word_1_371' title='bbox 320 2669 411 2723; x_wconf 84' lang='grc' dir='ltr'>καὶ</span> <span class='ocrx_word' id='word_1_372' title='bbox 467 2665 912 2746; x_wconf 82' lang='grc' dir='ltr'>παρηλλαγμένα.</span> <span class='ocrx_word' id='word_1_373' title='bbox 971 2665 1193 2741; x_wconf 82' lang='grc' dir='ltr'>Θέλημα</span> <span class='ocrx_word' id='word_1_374' title='bbox 1251 2664 1305 2721; x_wconf 78' lang='grc' dir='ltr'>δὲ</span> <span class='ocrx_word' id='word_1_375' title='bbox 1348 2672 1441 2723; x_wconf 82' lang='grc' dir='ltr'><strong>τοῦ</strong></span> <span class='ocrx_word' id='word_1_376' title='bbox 1499 2674 1629 2723; x_wconf 81' lang='grc' dir='ltr'>Θεου</span> <span class='ocrx_word' id='word_1_377' title='bbox 1675 2679 1844 2747; x_wconf 77' lang='grc' dir='ltr'>ποιεῖ,</span> <span class='ocrx_word' id='word_1_378' title='bbox 1877 2669 1964 2724; x_wconf 81' lang='grc' dir='ltr'><strong>καὶ</strong></span> 
     </span>
    </p>
   </div>
   <div class='ocr_carea' id='block_1_47' title="bbox 320 2747 1962 2837">
    <p class='ocr_par' dir='ltr' id='par_1_47' title="bbox 320 2747 1962 2837">
     <span class='ocr_line' id='line_1_47' title="bbox 320 2747 1962 2837; baseline -0.001 -26"><span class='ocrx_word' id='word_1_379' title='bbox 320 2758 347 2811; x_wconf 76' lang='grc' dir='ltr'>ὖ</span> <span class='ocrx_word' id='word_1_380' title='bbox 405 2757 498 2819; x_wconf 75' lang='grc' dir='ltr'>τὰς</span> <span class='ocrx_word' id='word_1_381' title='bbox 551 2756 759 2837; x_wconf 73' lang='grc' dir='ltr'>Γραφὰς</span> <span class='ocrx_word' id='word_1_382' title='bbox 803 2757 891 2812; x_wconf 87' lang='grc' dir='ltr'><strong>καὶ</strong></span> <span class='ocrx_word' id='word_1_383' title='bbox 947 2756 1069 2819; x_wconf 78' lang='grc' dir='ltr'>τοὺς</span> <span class='ocrx_word' id='word_1_384' title='bbox 1119 2757 1396 2835; x_wconf 73' lang='grc' dir='ltr'>προφήτας</span> <span class='ocrx_word' id='word_1_385' title='bbox 1453 2757 1698 2834; x_wconf 64' lang='grc' dir='ltr'>ἐρευνῶν.</span> <span class='ocrx_word' id='word_1_386' title='bbox 1733 2747 1790 2813; x_wconf 55' lang='grc' dir='ltr'><strong>ιΟ</strong></span> <span class='ocrx_word' id='word_1_387' title='bbox 1839 2763 1962 2833; x_wconf 77' lang='grc' dir='ltr'><strong>γοζὶν</strong></span> 
     </span>
    </p>
   </div>
   <div class='ocr_carea' id='block_1_48' title="bbox 318 2841 1960 2923">
    <p class='ocr_par' dir='ltr' id='par_1_48' title="bbox 318 2841 1960 2923">
     <span class='ocr_line' id='line_1_48' title="bbox 318 2841 1960 2923; baseline 0.001 -25"><span class='ocrx_word' id='word_1_388' title='bbox 318 2853 555 2909; x_wconf 77' lang='grc' dir='ltr'>τοιοῦτος</span> <span class='ocrx_word' id='word_1_389' title='bbox 600 2843 811 2901; x_wconf 87' lang='grc' dir='ltr'>δύναται</span> <span class='ocrx_word' id='word_1_390' title='bbox 864 2850 1060 2922; x_wconf 85' lang='grc' dir='ltr'>γνῶναι</span> <span class='ocrx_word' id='word_1_391' title='bbox 1116 2845 1233 2922; x_wconf 87' lang='grc' dir='ltr'>περὶ</span> <span class='ocrx_word' id='word_1_392' title='bbox 1289 2848 1386 2911; x_wconf 74' lang='grc' dir='ltr'>τῆς</span> <span class='ocrx_word' id='word_1_393' title='bbox 1418 2849 1510 2899; x_wconf 74' lang='grc' dir='ltr'>τοῦ</span> <span class='ocrx_word' id='word_1_394' title='bbox 1569 2843 1756 2923; x_wconf 77' lang='grc' dir='ltr'>Κυρίου</span> <span class='ocrx_word' id='word_1_395' title='bbox 1811 2841 1960 2899; x_wconf 88' lang='grc' dir='ltr'>διδα-</span> 
     </span>
    </p>
   </div>
   <div class='ocr_carea' id='block_1_49' title="bbox 320 2931 1960 3012">
    <p class='ocr_par' dir='ltr' id='par_1_49' title="bbox 320 2931 1960 3012">
     <span class='ocr_line' id='line_1_49' title="bbox 320 2931 1960 3012; baseline -0.015 -12"><span class='ocrx_word' id='word_1_396' title='bbox 320 2940 456 3012; x_wconf 72' lang='grc' dir='ltr'><strong>χής,</strong></span> <span class='ocrx_word' id='word_1_397' title='bbox 490 2931 570 2988; x_wconf 80' lang='grc' dir='ltr'><strong>ὅτι</strong></span> <span class='ocrx_word' id='word_1_398' title='bbox 628 2933 733 2989; x_wconf 76' lang='grc' dir='ltr'><strong>ἀπὸ</strong></span> <span class='ocrx_word' id='word_1_399' title='bbox 788 2940 919 2989; x_wconf 78' lang='grc' dir='ltr'>Θεοῦ</span> <span class='ocrx_word' id='word_1_400' title='bbox 958 2935 1125 2993; x_wconf 68' lang='grc' dir='ltr'>ἔστιν.</span> <span class='ocrx_word' id='word_1_401' title='bbox 1172 2935 1231 2991; x_wconf 77' lang='grc' dir='ltr'><strong>Οἱ</strong></span> <span class='ocrx_word' id='word_1_402' title='bbox 1278 2937 1543 3011; x_wconf 68' lang='grc' dir='ltr'>προφῆται</span> <span class='ocrx_word' id='word_1_403' title='bbox 1582 2933 1681 3009; x_wconf 82' lang='grc' dir='ltr'>γὰρ</span> <span class='ocrx_word' id='word_1_404' title='bbox 1723 2936 1819 2991; x_wconf 68' lang='grc' dir='ltr'>οὒκ</span> <span class='ocrx_word' id='word_1_405' title='bbox 1860 2932 1960 2987; x_wconf 79' lang='grc' dir='ltr'><strong>ἀν-</strong></span> 
     </span>
    </p>
   </div>
   <div class='ocr_carea' id='block_1_50' title="bbox 320 3019 1956 3101">
    <p class='ocr_par' dir='ltr' id='par_1_50' title="bbox 320 3019 1956 3101">
     <span class='ocr_line' id='line_1_50' title="bbox 320 3019 1956 3101; baseline 0 -23"><span class='ocrx_word' id='word_1_406' title='bbox 320 3024 486 3079; x_wconf 84' lang='grc' dir='ltr'>τίθεον</span> <span class='ocrx_word' id='word_1_407' title='bbox 509 3022 773 3099; x_wconf 78' lang='grc' dir='ltr'>εἰσάγουσι</span> <span class='ocrx_word' id='word_1_408' title='bbox 804 3023 895 3077; x_wconf 87' lang='grc' dir='ltr'><strong>τὸν</strong></span> <span class='ocrx_word' id='word_1_409' title='bbox 948 3022 1137 3101; x_wconf 82' lang='grc' dir='ltr'>Κύριον</span> <span class='ocrx_word' id='word_1_410' title='bbox 1182 3023 1269 3078; x_wconf 81' lang='grc' dir='ltr'><strong>καὶ</strong></span> <span class='ocrx_word' id='word_1_411' title='bbox 1313 3020 1401 3100; x_wconf 76' lang='grc' dir='ltr'>ἀφ’</span> <span class='ocrx_word' id='word_1_412' title='bbox 1461 3022 1647 3080; x_wconf 75' lang='grc' dir='ltr'>ἑαυτοῦ</span> <span class='ocrx_word' id='word_1_413' title='bbox 1675 3019 1956 3095; x_wconf 81' lang='grc' dir='ltr'>λαλοῦντα,</span> 
     </span>
    </p>
   </div>
   <div class='ocr_carea' id='block_1_51' title="bbox 318 3108 1962 3187">
    <p class='ocr_par' dir='ltr' id='par_1_51' title="bbox 318 3108 1962 3187">
     <span class='ocr_line' id='line_1_51' title="bbox 318 3108 1962 3187; baseline 0.001 -23"><span class='ocrx_word' id='word_1_414' title='bbox 318 3108 457 3166; x_wconf 79' lang='grc' dir='ltr'>ἀλλὰ</span> <span class='ocrx_word' id='word_1_415' title='bbox 497 3110 673 3166; x_wconf 83' lang='grc' dir='ltr'>πάντα</span> <span class='ocrx_word' id='word_1_416' title='bbox 736 3110 801 3166; x_wconf 78' lang='grc' dir='ltr'>τὰ</span> <span class='ocrx_word' id='word_1_417' title='bbox 859 3117 932 3184; x_wconf 86' lang='grc' dir='ltr'>τῷ</span> <span class='ocrx_word' id='word_1_418' title='bbox 992 3117 1108 3187; x_wconf 84' lang='grc' dir='ltr'>Θεῴ</span> <span class='ocrx_word' id='word_1_419' title='bbox 1148 3109 1421 3185; x_wconf 79' lang='grc' dir='ltr'>δοκοῦντα,</span> <span class='ocrx_word' id='word_1_420' title='bbox 1480 3109 1566 3165; x_wconf 76' lang='grc' dir='ltr'>καὶ</span> <span class='ocrx_word' id='word_1_421' title='bbox 1609 3108 1832 3187; x_wconf 80' lang='grc' dir='ltr'>λέγοντα</span> <span class='ocrx_word' id='word_1_422' title='bbox 1873 3111 1962 3166; x_wconf 86' lang='grc' dir='ltr'>καὶ</span> 
     </span>
    </p>
   </div>
   <div class='ocr_carea' id='block_1_52' title="bbox 321 3195 1956 3278">
    <p class='ocr_par' dir='ltr' id='par_1_52' title="bbox 321 3197 1956 3277">
     <span class='ocr_line' id='line_1_52' title="bbox 321 3197 1956 3277; baseline 0.001 -24"><span class='ocrx_word' id='word_1_423' title='bbox 321 3199 641 3276; x_wconf 81' lang='grc' dir='ltr'>πράττοντα,</span> <span class='ocrx_word' id='word_1_424' title='bbox 693 3202 825 3255; x_wconf 82' lang='grc' dir='ltr'>Εἶτα</span> <span class='ocrx_word' id='word_1_425' title='bbox 886 3199 973 3254; x_wconf 85' lang='grc' dir='ltr'><strong>καὶ</strong></span> <span class='ocrx_word' id='word_1_426' title='bbox 1022 3197 1199 3277; x_wconf 72' lang='grc' dir='ltr'>ἕτερον</span> <span class='ocrx_word' id='word_1_427' title='bbox 1250 3197 1507 3277; x_wconf 80' lang='grc' dir='ltr'>λογισμὸν</span> <span class='ocrx_word' id='word_1_428' title='bbox 1548 3197 1807 3277; x_wconf 73' lang='grc' dir='ltr'>ἆπιφέρει,</span> <span class='ocrx_word' id='word_1_429' title='bbox 1864 3197 1956 3254; x_wconf 85' lang='grc' dir='ltr'>λέ-</span> 
     </span>
    </p>
   </div>
   <div class='ocr_carea' id='block_1_53' title="bbox 2042 3195 3217 3278">
    <p class='ocr_par' dir='ltr' id='par_1_53' title="bbox 2043 3195 3217 3276">
     <span class='ocr_line' id='line_1_53' title="bbox 2043 3195 3217 3276; baseline -0.003 -19"><span class='ocrx_word' id='word_1_430' title='bbox 2043 3195 2217 3258; x_wconf 88' lang='lat' dir='ltr'><strong>aliam</strong></span> <span class='ocrx_word' id='word_1_431' title='bbox 2278 3196 2566 3257; x_wconf 84' lang='lat' dir='ltr'><strong>rationem</strong></span> <span class='ocrx_word' id='word_1_432' title='bbox 2648 3195 2871 3276; x_wconf 88' lang='lat' dir='ltr'><strong>subdit,</strong></span> <span class='ocrx_word' id='word_1_433' title='bbox 2940 3195 3146 3258; x_wconf 82' lang='lat' dir='ltr'><strong>dicens</strong></span> <span class='ocrx_word' id='word_1_434' title='bbox 3204 3219 3217 3254; x_wconf 90' lang='lat'>:</span> 
     </span>
    </p>
   </div>
   <div class='ocr_carea' id='block_1_54' title="bbox 318 3278 1960 3366">
    <p class='ocr_par' dir='ltr' id='par_1_54' title="bbox 318 3278 1960 3366">
     <span class='ocr_line' id='line_1_54' title="bbox 318 3278 1960 3366; baseline 0 -23"><span class='ocrx_word' id='word_1_435' title='bbox 318 3310 427 3363; x_wconf 89' lang='grc' dir='ltr'>γων</span> <span class='ocrx_word' id='word_1_436' title='bbox 460 3302 473 3316; x_wconf 86' lang='grc'><em>’</em></span> <span class='ocrx_word' id='word_1_437' title='bbox 532 3278 590 3343; x_wconf 62' lang='grc' dir='ltr'><strong>²Ο</strong></span> <span class='ocrx_word' id='word_1_438' title='bbox 647 3285 738 3365; x_wconf 78' lang='grc' dir='ltr'>ἀφ’</span> <span class='ocrx_word' id='word_1_439' title='bbox 775 3288 963 3343; x_wconf 77' lang='grc' dir='ltr'>ἑαυτοῦ</span> <span class='ocrx_word' id='word_1_440' title='bbox 1003 3284 1204 3366; x_wconf 86' lang='grc' dir='ltr'>λαλῶν,</span> <span class='ocrx_word' id='word_1_441' title='bbox 1257 3286 1550 3360; x_wconf 80' lang='grc' dir='ltr'>τουτέστιν,</span> <span class='ocrx_word' id='word_1_442' title='bbox 1583 3288 1609 3342; x_wconf 82' lang='grc' dir='ltr'>ὁ</span> <span class='ocrx_word' id='word_1_443' title='bbox 1639 3284 1960 3363; x_wconf 85' lang='grc' dir='ltr'>βουλόμενος</span> 
     </span>
    </p>
   </div>
   <div class='ocr_carea' id='block_1_55' title="bbox 314 3373 1962 3456">
    <p class='ocr_par' dir='ltr' id='par_1_55' title="bbox 314 3373 1962 3456">
     <span class='ocr_line' id='line_1_55' title="bbox 314 3373 1962 3456; baseline 0.002 -26"><span class='ocrx_word' id='word_1_444' title='bbox 314 3373 443 3432; x_wconf 83' lang='grc' dir='ltr'>ἰδίαν</span> <span class='ocrx_word' id='word_1_445' title='bbox 523 3379 723 3444; x_wconf 76' lang='grc' dir='ltr'>στῆσαι</span> <span class='ocrx_word' id='word_1_446' title='bbox 804 3374 1168 3456; x_wconf 78' lang='grc' dir='ltr'>διδασκαλίαν,</span> <span class='ocrx_word' id='word_1_447' title='bbox 1246 3374 1316 3431; x_wconf 88' lang='grc' dir='ltr'>δι’</span> <span class='ocrx_word' id='word_1_448' title='bbox 1375 3374 1747 3455; x_wconf 74' lang='grc' dir='ltr'>οὐδὲν-ἔτερον</span> <span class='ocrx_word' id='word_1_449' title='bbox 1806 3382 1962 3433; x_wconf 82' lang='grc' dir='ltr'>τοῦτο</span> 
     </span>
    </p>
   </div>
   <div class='ocr_carea' id='block_1_56' title="bbox 316 3462 1962 3543">
    <p class='ocr_par' dir='ltr' id='par_1_56' title="bbox 316 3462 1962 3543">
     <span class='ocr_line' id='line_1_56' title="bbox 316 3462 1962 3543; baseline 0 -23"><span class='ocrx_word' id='word_1_450' title='bbox 316 3477 489 3539; x_wconf 74' lang='grc' dir='ltr'>ποιεῖ,</span> <span class='ocrx_word' id='word_1_451' title='bbox 544 3464 580 3532; x_wconf 76' lang='grc' dir='ltr'><strong>ἢ</strong></span> <span class='ocrx_word' id='word_1_452' title='bbox 636 3464 796 3543; x_wconf 83' lang='grc' dir='ltr'>χάριν</span> <span class='ocrx_word' id='word_1_453' title='bbox 840 3474 933 3524; x_wconf 83' lang='grc' dir='ltr'><strong>τοῦ</strong></span> <span class='ocrx_word' id='word_1_454' title='bbox 954 3462 1106 3531; x_wconf 81' lang='grc' dir='ltr'>δόξαν</span> <span class='ocrx_word' id='word_1_455' title='bbox 1166 3464 1285 3521; x_wconf 79' lang='grc' dir='ltr'>τινὰ</span> <span class='ocrx_word' id='word_1_456' title='bbox 1340 3463 1401 3521; x_wconf 79' lang='grc' dir='ltr'>ἐκ</span> <span class='ocrx_word' id='word_1_457' title='bbox 1430 3464 1618 3522; x_wconf 79' lang='grc' dir='ltr'>τούτου</span> <span class='ocrx_word' id='word_1_458' title='bbox 1667 3464 1962 3543; x_wconf 81' lang='grc' dir='ltr'>καρπώσα-</span> 
     </span>
    </p>
   </div>
   <div class='ocr_carea' id='block_1_57' title="bbox 315 3550 1960 3633">
    <p class='ocr_par' dir='ltr' id='par_1_57' title="bbox 315 3550 1960 3633">
     <span class='ocr_line' id='line_1_57' title="bbox 315 3550 1960 3633; baseline 0.001 -24"><span class='ocrx_word' id='word_1_459' title='bbox 315 3556 454 3611; x_wconf 77' lang='grc' dir='ltr'>σθαι.</span> <span class='ocrx_word' id='word_1_460' title='bbox 520 3555 577 3611; x_wconf 87' lang='grc' dir='ltr'><strong>Εἰ</strong></span> <span class='ocrx_word' id='word_1_461' title='bbox 632 3550 687 3608; x_wconf 74' lang='grc' dir='ltr'>δὲ</span> <span class='ocrx_word' id='word_1_462' title='bbox 746 3553 878 3633; x_wconf 76' lang='grc' dir='ltr'>ἐγὼ,</span> <span class='ocrx_word' id='word_1_463' title='bbox 935 3555 1116 3633; x_wconf 74' lang='grc' dir='ltr'>φησὶν,</span> <span class='ocrx_word' id='word_1_464' title='bbox 1169 3553 1228 3609; x_wconf 76' lang='grc' dir='ltr'><strong>ού</strong></span> <span class='ocrx_word' id='word_1_465' title='bbox 1279 3553 1537 3630; x_wconf 85' lang='grc' dir='ltr'>βούλομαι</span> <span class='ocrx_word' id='word_1_466' title='bbox 1585 3553 1960 3632; x_wconf 83' lang='grc' dir='ltr'>καρπώσασθαι</span> 
     </span>
    </p>
   </div>
   <div class='ocr_carea' id='block_1_58' title="bbox 312 3640 1957 3721">
    <p class='ocr_par' dir='ltr' id='par_1_58' title="bbox 312 3640 1957 3721">
     <span class='ocr_line' id='line_1_58' title="bbox 312 3640 1957 3721; baseline 0.001 -23"><span class='ocrx_word' id='word_1_467' title='bbox 312 3641 461 3707; x_wconf 78' lang='grc' dir='ltr'>δόξαν</span> <span class='ocrx_word' id='word_1_468' title='bbox 522 3640 676 3721; x_wconf 85' lang='grc' dir='ltr'>ἰδίαν,</span> <span class='ocrx_word' id='word_1_469' title='bbox 709 3641 845 3700; x_wconf 81' lang='grc' dir='ltr'>ἀλλὰ</span> <span class='ocrx_word' id='word_1_470' title='bbox 874 3644 973 3711; x_wconf 75' lang='grc' dir='ltr'>τὴν</span> <span class='ocrx_word' id='word_1_471' title='bbox 1017 3642 1167 3709; x_wconf 79' lang='grc' dir='ltr'>δόξαν</span> <span class='ocrx_word' id='word_1_472' title='bbox 1218 3650 1310 3701; x_wconf 81' lang='grc' dir='ltr'><strong>τοῦ</strong></span> <span class='ocrx_word' id='word_1_473' title='bbox 1337 3644 1648 3720; x_wconf 83' lang='grc' dir='ltr'>πέμψαντός</span> <span class='ocrx_word' id='word_1_474' title='bbox 1681 3664 1747 3719; x_wconf 87' lang='grc' dir='ltr'><strong>με</strong></span> <span class='ocrx_word' id='word_1_475' title='bbox 1789 3650 1957 3717; x_wconf 82' lang='grc' dir='ltr'>ζητῶ,</span> 
     </span>
    </p>
   </div>
   <div class='ocr_carea' id='block_1_59' title="bbox 312 3730 1959 3812">
    <p class='ocr_par' dir='ltr' id='par_1_59' title="bbox 312 3730 1959 3812">
     <span class='ocr_line' id='line_1_59' title="bbox 312 3730 1959 3812; baseline 0.002 -26"><span class='ocrx_word' id='word_1_476' title='bbox 312 3733 447 3794; x_wconf 81' lang='grc' dir='ltr'>τίνος</span> <span class='ocrx_word' id='word_1_477' title='bbox 502 3730 678 3787; x_wconf 71' lang='grc' dir='ltr'>ἕνεκεν</span> <span class='ocrx_word' id='word_1_478' title='bbox 732 3731 1029 3809; x_wconf 79' lang='grc' dir='ltr'>βουλοίμην</span> <span class='ocrx_word' id='word_1_479' title='bbox 1083 3732 1146 3789; x_wconf 80' lang='grc' dir='ltr'><strong>ἂν</strong></span> <span class='ocrx_word' id='word_1_480' title='bbox 1194 3733 1346 3812; x_wconf 78' lang='grc' dir='ltr'>ἕτερα</span> <span class='ocrx_word' id='word_1_481' title='bbox 1377 3731 1637 3788; x_wconf 78' lang='grc' dir='ltr'>διδάσκειν</span> <span class='ocrx_word' id='word_1_482' title='bbox 1677 3730 1959 3806; x_wconf 78' lang='grc' dir='ltr'><strong>;’Λληθὴς</strong></span> 
     </span>
    </p>
   </div>
   <div class='ocr_carea' id='block_1_60' title="bbox 315 3820 1955 3898">
    <p class='ocr_par' dir='ltr' id='par_1_60' title="bbox 315 3820 1955 3898">
     <span class='ocr_line' id='line_1_60' title="bbox 315 3820 1955 3898; baseline -0.001 -21"><span class='ocrx_word' id='word_1_483' title='bbox 315 3820 403 3877; x_wconf 75' lang='grc' dir='ltr'><strong>οὖν</strong></span> <span class='ocrx_word' id='word_1_484' title='bbox 455 3822 584 3898; x_wconf 76' lang='grc' dir='ltr'>εἶμι,</span> <span class='ocrx_word' id='word_1_485' title='bbox 631 3822 719 3877; x_wconf 84' lang='grc' dir='ltr'><strong>καὶ</strong></span> <span class='ocrx_word' id='word_1_486' title='bbox 776 3826 870 3880; x_wconf 76' lang='grc' dir='ltr'>οὒκ</span> <span class='ocrx_word' id='word_1_487' title='bbox 921 3820 1062 3878; x_wconf 74' lang='grc' dir='ltr'>ἔστιν</span> <span class='ocrx_word' id='word_1_488' title='bbox 1115 3820 1286 3878; x_wconf 69' lang='grc' dir='ltr'>ἀδικία</span> <span class='ocrx_word' id='word_1_489' title='bbox 1341 3821 1396 3877; x_wconf 79' lang='grc' dir='ltr'>ἐν</span> <span class='ocrx_word' id='word_1_490' title='bbox 1449 3821 1603 3895; x_wconf 77' lang='grc' dir='ltr'>ἐμοί’</span> <span class='ocrx_word' id='word_1_491' title='bbox 1666 3821 1955 3897; x_wconf 83' lang='grc' dir='ltr'>τουτέστιν,</span> 
     </span>
    </p>
   </div>
   <div class='ocr_carea' id='block_1_61' title="bbox 316 3906 1958 3989">
    <p class='ocr_par' dir='ltr' id='par_1_61' title="bbox 316 3906 1958 3989">
     <span class='ocr_line' id='line_1_61' title="bbox 316 3906 1958 3989; baseline -0.001 -23"><span class='ocrx_word' id='word_1_492' title='bbox 316 3908 388 3966; x_wconf 63' lang='grc' dir='ltr'><strong>Οὔ</strong></span> <span class='ocrx_word' id='word_1_493' title='bbox 443 3906 593 3973; x_wconf 69' lang='grc' dir='ltr'>δόξαν</span> <span class='ocrx_word' id='word_1_494' title='bbox 654 3909 815 3989; x_wconf 76' lang='grc' dir='ltr'>ἑτέρῳ</span> <span class='ocrx_word' id='word_1_495' title='bbox 899 3910 1226 3986; x_wconf 76' lang='grc' dir='ltr'>ἁρμόζουσαν</span> <span class='ocrx_word' id='word_1_496' title='bbox 1304 3908 1521 3988; x_wconf 82' lang='grc' dir='ltr'>ἁρπάζω</span> <span class='ocrx_word' id='word_1_497' title='bbox 1552 3924 1569 3941; x_wconf 81' lang='grc'><strong>⁸</strong></span> <span class='ocrx_word' id='word_1_498' title='bbox 1648 3916 1802 3966; x_wconf 83' lang='grc' dir='ltr'>τοῦτο</span> <span class='ocrx_word' id='word_1_499' title='bbox 1860 3910 1958 3987; x_wconf 79' lang='grc' dir='ltr'>γὰρ</span> 
     </span>
    </p>
   </div>
   <div class='ocr_carea' id='block_1_62' title="bbox 314 3990 1959 4078">
    <p class='ocr_par' dir='ltr' id='par_1_62' title="bbox 314 3990 1959 4078">
     <span class='ocr_line' id='line_1_62' title="bbox 314 3990 1959 4078; baseline 0 -28"><span class='ocrx_word' id='word_1_500' title='bbox 314 3995 502 4055; x_wconf 68' lang='grc' dir='ltr'>ἀδικία.</span> <span class='ocrx_word' id='word_1_501' title='bbox 568 3990 752 4055; x_wconf 72' lang='grc' dir='ltr'>’Ὥστε</span> <span class='ocrx_word' id='word_1_502' title='bbox 782 4000 817 4066; x_wconf 70' lang='grc' dir='ltr'>ἡ</span> <span class='ocrx_word' id='word_1_503' title='bbox 849 3995 1044 4078; x_wconf 79' lang='grc' dir='ltr'>διδαχή</span> <span class='ocrx_word' id='word_1_504' title='bbox 1090 4021 1189 4073; x_wconf 88' lang='grc' dir='ltr'><strong>μου</strong></span> <span class='ocrx_word' id='word_1_505' title='bbox 1247 4001 1334 4055; x_wconf 85' lang='grc' dir='ltr'>καὶ</span> <span class='ocrx_word' id='word_1_506' title='bbox 1385 3997 1636 4068; x_wconf 81' lang='grc' dir='ltr'>ἀλήθειαν</span> <span class='ocrx_word' id='word_1_507' title='bbox 1688 3997 1831 4078; x_wconf 76' lang='grc' dir='ltr'>ἔχει,</span> <span class='ocrx_word' id='word_1_508' title='bbox 1869 3995 1959 4054; x_wconf 87' lang='grc' dir='ltr'><strong>καὶ</strong></span> 
     </span>
    </p>
   </div>
   <div class='ocr_carea' id='block_1_63' title="bbox 312 4083 1953 4166">
    <p class='ocr_par' dir='ltr' id='par_1_63' title="bbox 312 4083 1953 4166">
     <span class='ocr_line' id='line_1_63' title="bbox 312 4083 1953 4166; baseline 0.004 -29"><span class='ocrx_word' id='word_1_509' title='bbox 312 4083 648 4153; x_wconf 79' lang='grc' dir='ltr'>δικαιοσύνην</span> <span class='ocrx_word' id='word_1_510' title='bbox 696 4086 750 4142; x_wconf 73' lang='grc' dir='ltr'>ἐν</span> <span class='ocrx_word' id='word_1_511' title='bbox 809 4091 1005 4161; x_wconf 72' lang='grc' dir='ltr'>ταύτῷ.</span> <span class='ocrx_word' id='word_1_512' title='bbox 1058 4088 1130 4144; x_wconf 76' lang='grc' dir='ltr'>Ού</span> <span class='ocrx_word' id='word_1_513' title='bbox 1176 4088 1272 4166; x_wconf 80' lang='grc' dir='ltr'><strong>γὰρ</strong></span> <span class='ocrx_word' id='word_1_514' title='bbox 1328 4085 1380 4153; x_wconf 77' lang='grc' dir='ltr'><strong>ἑξ</strong></span> <span class='ocrx_word' id='word_1_515' title='bbox 1437 4086 1743 4158; x_wconf 80' lang='grc' dir='ltr'>ἀλαζονείας</span> <span class='ocrx_word' id='word_1_516' title='bbox 1804 4087 1953 4165; x_wconf 83' lang='grc' dir='ltr'>γίνε-</span> 
     </span>
    </p>
   </div>
   <div class='ocr_carea' id='block_1_64' title="bbox 2044 2310 3689 2391">
    <p class='ocr_par' dir='ltr' id='par_1_64' title="bbox 2044 2310 3689 2391">
     <span class='ocr_line' id='line_1_64' title="bbox 2044 2310 3689 2391; baseline 0.001 -20"><span class='ocrx_word' id='word_1_517' title='bbox 2044 2310 2321 2372; x_wconf 85' lang='lat' dir='ltr'><strong>virtutem</strong></span> <span class='ocrx_word' id='word_1_518' title='bbox 2344 2311 2711 2391; x_wconf 82' lang='lat' dir='ltr'><strong>amplexatus</strong></span> <span class='ocrx_word' id='word_1_519' title='bbox 2735 2311 2931 2385; x_wconf 89' lang='lat' dir='ltr'><strong>fuerit,</strong></span> <span class='ocrx_word' id='word_1_520' title='bbox 2956 2321 3013 2373; x_wconf 89' lang='lat' dir='ltr'><strong>et</strong></span> <span class='ocrx_word' id='word_1_521' title='bbox 3041 2311 3279 2373; x_wconf 75' lang='lat' dir='ltr'><strong>invidiae</strong></span> <span class='ocrx_word' id='word_1_522' title='bbox 3314 2331 3432 2372; x_wconf 90' lang='lat' dir='ltr'><strong>non</strong></span> <span class='ocrx_word' id='word_1_523' title='bbox 3464 2315 3689 2391; x_wconf 80' lang='lat' dir='ltr'><strong>servie-</strong></span> 
     </span>
    </p>
   </div>
   <div class='ocr_carea' id='block_1_65' title="bbox 2048 2399 3688 2481">
    <p class='ocr_par' dir='ltr' id='par_1_65' title="bbox 2048 2399 3688 2481">
     <span class='ocr_line' id='line_1_65' title="bbox 2048 2399 3688 2481; baseline 0 -20"><span class='ocrx_word' id='word_1_524' title='bbox 2048 2399 2347 2481; x_wconf 86' lang='lat' dir='ltr'><strong>rit,neque</strong></span> <span class='ocrx_word' id='word_1_525' title='bbox 2367 2419 2515 2462; x_wconf 86' lang='lat' dir='ltr'><strong>vano</strong></span> <span class='ocrx_word' id='word_1_526' title='bbox 2540 2408 2745 2462; x_wconf 88' lang='lat' dir='ltr'><strong>contra</strong></span> <span class='ocrx_word' id='word_1_527' title='bbox 2775 2418 2869 2461; x_wconf 91' lang='lat' dir='ltr'><strong>me</strong></span> <span class='ocrx_word' id='word_1_528' title='bbox 2890 2400 3028 2462; x_wconf 92' lang='lat' dir='ltr'><strong>odio</strong></span> <span class='ocrx_word' id='word_1_529' title='bbox 3049 2400 3474 2463; x_wconf 75' lang='lat' dir='ltr'><strong>obtenebratus</strong></span> <span class='ocrx_word' id='word_1_530' title='bbox 3492 2399 3688 2475; x_wconf 79' lang='lat' dir='ltr'><strong>fuerit,</strong></span> 
     </span>
    </p>
   </div>
   <div class='ocr_carea' id='block_1_66' title="bbox 2049 2487 3693 2570">
    <p class='ocr_par' dir='ltr' id='par_1_66' title="bbox 2049 2487 3693 2570">
     <span class='ocr_line' id='line_1_66' title="bbox 2049 2487 3693 2570; baseline 0.001 -21"><span class='ocrx_word' id='word_1_531' title='bbox 2049 2487 2197 2551; x_wconf 89' lang='lat' dir='ltr'><strong>sciet</strong></span> <span class='ocrx_word' id='word_1_532' title='bbox 2223 2507 2490 2550; x_wconf 87' lang='lat' dir='ltr'><strong>meorum</strong></span> <span class='ocrx_word' id='word_1_533' title='bbox 2525 2506 2865 2550; x_wconf 78' lang='lat' dir='ltr'><strong>sermonum</strong></span> <span class='ocrx_word' id='word_1_534' title='bbox 2896 2488 3194 2561; x_wconf 89' lang='lat' dir='ltr'><strong>virtutem,</strong></span> <span class='ocrx_word' id='word_1_535' title='bbox 3247 2508 3384 2549; x_wconf 92' lang='lat' dir='ltr'><strong>num</strong></span> <span class='ocrx_word' id='word_1_536' title='bbox 3444 2507 3513 2552; x_wconf 90' lang='lat' dir='ltr'><strong>ea</strong></span> <span class='ocrx_word' id='word_1_537' title='bbox 3562 2508 3693 2570; x_wconf 76' lang='lat' dir='ltr'><strong>quae</strong></span> 
     </span>
    </p>
   </div>
   <div class='ocr_carea' id='block_1_67' title="bbox 2049 2576 3687 2659">
    <p class='ocr_par' dir='ltr' id='par_1_67' title="bbox 2049 2576 3687 2659">
     <span class='ocr_line' id='line_1_67' title="bbox 2049 2576 3687 2659; baseline -0.001 -19"><span class='ocrx_word' id='word_1_538' title='bbox 2049 2577 2246 2641; x_wconf 82' lang='lat' dir='ltr'><strong>Patris</strong></span> <span class='ocrx_word' id='word_1_539' title='bbox 2266 2586 2403 2639; x_wconf 89' lang='lat' dir='ltr'><strong>sunt</strong></span> <span class='ocrx_word' id='word_1_540' title='bbox 2433 2576 2659 2657; x_wconf 90' lang='lat' dir='ltr'><strong>loquar,</strong></span> <span class='ocrx_word' id='word_1_541' title='bbox 2696 2594 2768 2640; x_wconf 88' lang='lat' dir='ltr'><strong>an</strong></span> <span class='ocrx_word' id='word_1_542' title='bbox 2797 2578 2986 2640; x_wconf 90' lang='lat' dir='ltr'><strong>aliena</strong></span> <span class='ocrx_word' id='word_1_543' title='bbox 3030 2587 3089 2641; x_wconf 91' lang='lat' dir='ltr'><strong>et</strong></span> <span class='ocrx_word' id='word_1_544' title='bbox 3128 2577 3370 2657; x_wconf 84' lang='lat' dir='ltr'><strong>indigna</strong></span> <span class='ocrx_word' id='word_1_545' title='bbox 3394 2578 3687 2659; x_wconf 68' lang='lat' dir='ltr'><strong>quaedam.</strong></span> 
     </span>
    </p>
   </div>
   <div class='ocr_carea' id='block_1_68' title="bbox 2046 2665 3691 2748">
    <p class='ocr_par' dir='ltr' id='par_1_68' title="bbox 2046 2665 3691 2748">
     <span class='ocr_line' id='line_1_68' title="bbox 2046 2665 3691 2748; baseline -0.001 -19"><span class='ocrx_word' id='word_1_546' title='bbox 2046 2665 2421 2729; x_wconf 84' lang='lat' dir='ltr'><strong>Voluntatem</strong></span> <span class='ocrx_word' id='word_1_547' title='bbox 2455 2677 2649 2727; x_wconf 87' lang='lat' dir='ltr'><strong>autem</strong></span> <span class='ocrx_word' id='word_1_548' title='bbox 2680 2666 2789 2727; x_wconf 90' lang='lat' dir='ltr'><strong>Dei</strong></span> <span class='ocrx_word' id='word_1_549' title='bbox 2819 2667 2958 2728; x_wconf 85' lang='lat' dir='ltr'><strong>facit</strong></span> <span class='ocrx_word' id='word_1_550' title='bbox 3008 2676 3064 2729; x_wconf 90' lang='lat' dir='ltr'><strong>et</strong></span> <span class='ocrx_word' id='word_1_551' title='bbox 3105 2667 3207 2748; x_wconf 92' lang='lat' dir='ltr'><strong>qui</strong></span> <span class='ocrx_word' id='word_1_552' title='bbox 3264 2666 3604 2746; x_wconf 87' lang='lat' dir='ltr'><strong>Scripturas</strong></span> <span class='ocrx_word' id='word_1_553' title='bbox 3634 2675 3691 2728; x_wconf 92' lang='lat' dir='ltr'><strong>et</strong></span> 
     </span>
    </p>
   </div>
   <div class='ocr_carea' id='block_1_69' title="bbox 2044 2755 3690 2835">
    <p class='ocr_par' dir='ltr' id='par_1_69' title="bbox 2044 2755 3690 2835">
     <span class='ocr_line' id='line_1_69' title="bbox 2044 2755 3690 2835; baseline -0.001 -20"><span class='ocrx_word' id='word_1_554' title='bbox 2044 2755 2361 2835; x_wconf 85' lang='lat' dir='ltr'><strong>prophetas</strong></span> <span class='ocrx_word' id='word_1_555' title='bbox 2407 2763 2720 2816; x_wconf 85' lang='lat' dir='ltr'><strong>scrutatur.</strong></span> <span class='ocrx_word' id='word_1_556' title='bbox 2756 2756 2939 2834; x_wconf 78' lang='lat' dir='ltr'><strong>Igitur</strong></span> <span class='ocrx_word' id='word_1_557' title='bbox 2989 2757 3088 2835; x_wconf 89' lang='lat' dir='ltr'><strong>qui</strong></span> <span class='ocrx_word' id='word_1_558' title='bbox 3146 2755 3279 2817; x_wconf 89' lang='lat' dir='ltr'><strong>talis</strong></span> <span class='ocrx_word' id='word_1_559' title='bbox 3330 2762 3439 2826; x_wconf 86' lang='lat' dir='ltr'><strong>est,</strong></span> <span class='ocrx_word' id='word_1_560' title='bbox 3478 2755 3690 2834; x_wconf 91' lang='lat' dir='ltr'><strong>poterit</strong></span> 
     </span>
    </p>
   </div>
   <div class='ocr_carea' id='block_1_70' title="bbox 2042 2840 3685 2924">
    <p class='ocr_par' dir='ltr' id='par_1_70' title="bbox 2042 2840 3685 2924">
     <span class='ocr_line' id='line_1_70' title="bbox 2042 2840 3685 2924; baseline -0.001 -19"><span class='ocrx_word' id='word_1_561' title='bbox 2042 2844 2196 2905; x_wconf 87' lang='lat' dir='ltr'><strong>scire</strong></span> <span class='ocrx_word' id='word_1_562' title='bbox 2255 2842 2329 2902; x_wconf 90' lang='lat' dir='ltr'><strong>de</strong></span> <span class='ocrx_word' id='word_1_563' title='bbox 2379 2843 2649 2903; x_wconf 86' lang='lat' dir='ltr'><strong>doctrina</strong></span> <span class='ocrx_word' id='word_1_564' title='bbox 2684 2842 2919 2914; x_wconf 81' lang='lat' dir='ltr'><strong>Domini</strong></span> <span class='ocrx_word' id='word_1_565' title='bbox 2946 2844 3101 2924; x_wconf 90' lang='lat' dir='ltr'><strong>quod</strong></span> <span class='ocrx_word' id='word_1_566' title='bbox 3156 2862 3223 2904; x_wconf 83' lang='lat' dir='ltr'><strong>ex</strong></span> <span class='ocrx_word' id='word_1_567' title='bbox 3265 2843 3386 2904; x_wconf 90' lang='lat' dir='ltr'><strong>Deo</strong></span> <span class='ocrx_word' id='word_1_568' title='bbox 3417 2842 3513 2902; x_wconf 88' lang='lat' dir='ltr'><strong>sit.</strong></span> <span class='ocrx_word' id='word_1_569' title='bbox 3540 2840 3685 2903; x_wconf 87' lang='lat' dir='ltr'><strong>Nam</strong></span> 
     </span>
    </p>
   </div>
   <div class='ocr_carea' id='block_1_71' title="bbox 2044 2929 3689 3011">
    <p class='ocr_par' dir='ltr' id='par_1_71' title="bbox 2044 2929 3689 3011">
     <span class='ocr_line' id='line_1_71' title="bbox 2044 2929 3689 3011; baseline -0.001 -19"><span class='ocrx_word' id='word_1_570' title='bbox 2044 2931 2347 3011; x_wconf 83' lang='lat' dir='ltr'><strong>prophetae</strong></span> <span class='ocrx_word' id='word_1_571' title='bbox 2380 2950 2495 2991; x_wconf 93' lang='lat' dir='ltr'><strong>non</strong></span> <span class='ocrx_word' id='word_1_572' title='bbox 2531 2932 2820 2992; x_wconf 82' lang='lat' dir='ltr'><strong>inducunt</strong></span> <span class='ocrx_word' id='word_1_573' title='bbox 2858 2931 3171 2992; x_wconf 89' lang='lat' dir='ltr'><strong>Dominum</strong></span> <span class='ocrx_word' id='word_1_574' title='bbox 3233 2930 3354 2993; x_wconf 89' lang='lat' dir='ltr'><strong>Deo</strong></span> <span class='ocrx_word' id='word_1_575' title='bbox 3409 2929 3689 2991; x_wconf 87' lang='lat' dir='ltr'><strong>adversa-</strong></span> 
     </span>
    </p>
   </div>
   <div class='ocr_carea' id='block_1_72' title="bbox 2041 3017 3689 3099">
    <p class='ocr_par' dir='ltr' id='par_1_72' title="bbox 2041 3017 3689 3099">
     <span class='ocr_line' id='line_1_72' title="bbox 2041 3017 3689 3099; baseline -0.001 -19"><span class='ocrx_word' id='word_1_576' title='bbox 2041 3019 2221 3091; x_wconf 91' lang='lat' dir='ltr'><strong>rium,</strong></span> <span class='ocrx_word' id='word_1_577' title='bbox 2255 3026 2312 3080; x_wconf 92' lang='lat' dir='ltr'><strong>et</strong></span> <span class='ocrx_word' id='word_1_578' title='bbox 2340 3037 2372 3079; x_wconf 77' lang='grc' dir='ltr'><strong>θ</strong></span> <span class='ocrx_word' id='word_1_579' title='bbox 2407 3018 2603 3097; x_wconf 87' lang='lat' dir='ltr'><strong>seipso</strong></span> <span class='ocrx_word' id='word_1_580' title='bbox 2626 3018 2988 3099; x_wconf 86' lang='lat' dir='ltr'><strong>loquentem,</strong></span> <span class='ocrx_word' id='word_1_581' title='bbox 3019 3020 3123 3081; x_wconf 87' lang='lat' dir='ltr'><strong>sed</strong></span> <span class='ocrx_word' id='word_1_582' title='bbox 3193 3019 3380 3081; x_wconf 75' lang='lat' dir='ltr'><strong>omnia</strong></span> <span class='ocrx_word' id='word_1_583' title='bbox 3406 3036 3539 3096; x_wconf 70' lang='lat' dir='ltr'><strong>quae</strong></span> <span class='ocrx_word' id='word_1_584' title='bbox 3568 3017 3689 3079; x_wconf 91' lang='lat' dir='ltr'><strong>Deo</strong></span> 
     </span>
    </p>
   </div>
   <div class='ocr_carea' id='block_1_73' title="bbox 2044 3105 3708 3186">
    <p class='ocr_par' dir='ltr' id='par_1_73' title="bbox 2044 3105 3708 3186">
     <span class='ocr_line' id='line_1_73' title="bbox 2044 3105 3708 3186; baseline -0.004 -18"><span class='ocrx_word' id='word_1_585' title='bbox 2044 3116 2380 3186; x_wconf 86' lang='lat' dir='ltr'><strong>congruunt</strong></span> <span class='ocrx_word' id='word_1_586' title='bbox 2410 3116 2468 3168; x_wconf 92' lang='lat' dir='ltr'><strong>et</strong></span> <span class='ocrx_word' id='word_1_587' title='bbox 2510 3108 2807 3169; x_wconf 84' lang='lat' dir='ltr'><strong>dicentem</strong></span> <span class='ocrx_word' id='word_1_588' title='bbox 2843 3116 2899 3167; x_wconf 90' lang='lat' dir='ltr'><strong>et</strong></span> <span class='ocrx_word' id='word_1_589' title='bbox 2928 3107 3269 3169; x_wconf 83' lang='lat' dir='ltr'><strong>facientem.</strong></span> <span class='ocrx_word' id='word_1_590' title='bbox 3352 3105 3605 3186; x_wconf 86' lang='lat' dir='ltr'><strong>Insuper</strong></span> <span class='ocrx_word' id='word_1_591' title='bbox 3633 3114 3708 3168; x_wconf 79' lang='lat' dir='ltr'><strong>et.</strong></span> 
     </span>
    </p>
   </div>
   <div class='ocr_carea' id='block_1_74' title="bbox 3275 3194 3686 3269">
    <p class='ocr_par' dir='ltr' id='par_1_74' title="bbox 3275 3194 3686 3269">
     <span class='ocr_line' id='line_1_74' title="bbox 3275 3194 3686 3269; baseline -0.005 -13"><span class='ocrx_word' id='word_1_592' title='bbox 3275 3197 3386 3269; x_wconf 87' lang='lat' dir='ltr'><strong>Qui</strong></span> <span class='ocrx_word' id='word_1_593' title='bbox 3463 3214 3498 3255; x_wconf 90' lang='lat' dir='ltr'><strong>a</strong></span> <span class='ocrx_word' id='word_1_594' title='bbox 3567 3194 3686 3255; x_wconf 90' lang='lat' dir='ltr'><strong>sei-</strong></span> 
     </span>
    </p>
   </div>
   <div class='ocr_carea' id='block_1_75' title="bbox 2043 3285 3687 3366">
    <p class='ocr_par' dir='ltr' id='par_1_75' title="bbox 2043 3285 3687 3366">
     <span class='ocr_line' id='line_1_75' title="bbox 2043 3285 3687 3366; baseline -0.001 -20"><span class='ocrx_word' id='word_1_595' title='bbox 2043 3303 2148 3366; x_wconf 92' lang='lat' dir='ltr'><strong>pso</strong></span> <span class='ocrx_word' id='word_1_596' title='bbox 2193 3285 2469 3365; x_wconf 84' lang='lat' dir='ltr'><strong>loquitur,</strong></span> <span class='ocrx_word' id='word_1_597' title='bbox 2506 3286 2617 3346; x_wconf 88' lang='lat' dir='ltr'><strong>hoc</strong></span> <span class='ocrx_word' id='word_1_598' title='bbox 2648 3292 2738 3346; x_wconf 88' lang='lat' dir='ltr'><strong>est</strong></span> <span class='ocrx_word' id='word_1_599' title='bbox 2766 3286 2864 3364; x_wconf 89' lang='lat' dir='ltr'><strong>qui</strong></span> <span class='ocrx_word' id='word_1_600' title='bbox 2912 3288 3040 3347; x_wconf 77' lang='lat' dir='ltr'><strong>vult</strong></span> <span class='ocrx_word' id='word_1_601' title='bbox 3080 3285 3379 3365; x_wconf 86' lang='lat' dir='ltr'><strong>propriam</strong></span> <span class='ocrx_word' id='word_1_602' title='bbox 3430 3292 3687 3345; x_wconf 88' lang='lat' dir='ltr'><strong>statuere</strong></span> 
     </span>
    </p>
   </div>
   <div class='ocr_carea' id='block_1_76' title="bbox 2043 3373 3689 3454">
    <p class='ocr_par' dir='ltr' id='par_1_76' title="bbox 2043 3373 3689 3454">
     <span class='ocr_line' id='line_1_76' title="bbox 2043 3373 3689 3454; baseline -0.002 -19"><span class='ocrx_word' id='word_1_603' title='bbox 2043 3374 2397 3448; x_wconf 82' lang='lat' dir='ltr'><strong>doctrinam,</strong></span> <span class='ocrx_word' id='word_1_604' title='bbox 2433 3382 2673 3454; x_wconf 90' lang='lat' dir='ltr'><strong>propter</strong></span> <span class='ocrx_word' id='word_1_605' title='bbox 2703 3373 2845 3433; x_wconf 87' lang='lat' dir='ltr'><strong>nihil</strong></span> <span class='ocrx_word' id='word_1_606' title='bbox 2879 3374 3035 3435; x_wconf 86' lang='lat' dir='ltr'><strong>aliud</strong></span> <span class='ocrx_word' id='word_1_607' title='bbox 3077 3376 3189 3436; x_wconf 90' lang='lat' dir='ltr'><strong>hoc</strong></span> <span class='ocrx_word' id='word_1_608' title='bbox 3221 3374 3378 3447; x_wconf 81' lang='lat' dir='ltr'><strong>facit,</strong></span> <span class='ocrx_word' id='word_1_609' title='bbox 3414 3390 3591 3452; x_wconf 83' lang='lat' dir='ltr'><strong>quam</strong></span> <span class='ocrx_word' id='word_1_610' title='bbox 3626 3381 3689 3432; x_wconf 90' lang='lat' dir='ltr'><strong>ut</strong></span> 
     </span>
    </p>
   </div>
   <div class='ocr_carea' id='block_1_77' title="bbox 2042 3460 3685 3543">
    <p class='ocr_par' dir='ltr' id='par_1_77' title="bbox 2042 3460 3685 3543">
     <span class='ocr_line' id='line_1_77' title="bbox 2042 3460 3685 3543; baseline 0 -20"><span class='ocrx_word' id='word_1_611' title='bbox 2042 3462 2287 3542; x_wconf 81' lang='lat' dir='ltr'><strong>gloriam</strong></span> <span class='ocrx_word' id='word_1_612' title='bbox 2323 3462 2640 3543; x_wconf 89' lang='lat' dir='ltr'><strong>quamdam</strong></span> <span class='ocrx_word' id='word_1_613' title='bbox 2665 3462 2902 3524; x_wconf 89' lang='lat' dir='ltr'><strong>inanem</strong></span> <span class='ocrx_word' id='word_1_614' title='bbox 2922 3463 3061 3525; x_wconf 90' lang='lat' dir='ltr'><strong>inde</strong></span> <span class='ocrx_word' id='word_1_615' title='bbox 3089 3460 3468 3543; x_wconf 88' lang='lat' dir='ltr'><strong>percipiat.Si</strong></span> <span class='ocrx_word' id='word_1_616' title='bbox 3489 3470 3685 3543; x_wconf 80' lang='lat' dir='ltr'><strong>autem</strong></span> 
     </span>
    </p>
   </div>
   <div class='ocr_carea' id='block_1_78' title="bbox 2044 3546 3685 3632">
    <p class='ocr_par' dir='ltr' id='par_1_78' title="bbox 2044 3546 3685 3632">
     <span class='ocr_line' id='line_1_78' title="bbox 2044 3546 3685 3632; baseline -0.002 -19"><span class='ocrx_word' id='word_1_617' title='bbox 2044 3570 2175 3631; x_wconf 85' lang='lat' dir='ltr'><strong>ego,</strong></span> <span class='ocrx_word' id='word_1_618' title='bbox 2212 3551 2421 3631; x_wconf 86' lang='lat' dir='ltr'><strong>inquit,</strong></span> <span class='ocrx_word' id='word_1_619' title='bbox 2454 3551 2656 3630; x_wconf 62' lang='lat' dir='ltr'><strong>gloria:</strong></span> <span class='ocrx_word' id='word_1_620' title='bbox 2686 3546 2941 3632; x_wconf 70' lang='lat' dir='ltr'><strong>propriae</strong></span> <span class='ocrx_word' id='word_1_621' title='bbox 2973 3552 3225 3614; x_wconf 82' lang='lat' dir='ltr'><strong>fructum</strong></span> <span class='ocrx_word' id='word_1_622' title='bbox 3259 3551 3528 3625; x_wconf 88' lang='lat' dir='ltr'><strong>nolo,sed</strong></span> <span class='ocrx_word' id='word_1_623' title='bbox 3562 3550 3685 3630; x_wconf 87' lang='lat' dir='ltr'><strong>glo-</strong></span> 
     </span>
    </p>
   </div>
   <div class='ocr_carea' id='block_1_79' title="bbox 2041 3638 3682 3721">
    <p class='ocr_par' dir='ltr' id='par_1_79' title="bbox 2041 3638 3682 3721">
     <span class='ocr_line' id='line_1_79' title="bbox 2041 3638 3682 3721; baseline -0.001 -20"><span class='ocrx_word' id='word_1_624' title='bbox 2041 3640 2189 3701; x_wconf 90' lang='lat' dir='ltr'><strong>riam</strong></span> <span class='ocrx_word' id='word_1_625' title='bbox 2215 3641 2340 3719; x_wconf 85' lang='lat' dir='ltr'><strong>ejus</strong></span> <span class='ocrx_word' id='word_1_626' title='bbox 2362 3640 2458 3721; x_wconf 90' lang='lat' dir='ltr'><strong>qui</strong></span> <span class='ocrx_word' id='word_1_627' title='bbox 2494 3659 2588 3701; x_wconf 92' lang='lat' dir='ltr'><strong>me</strong></span> <span class='ocrx_word' id='word_1_628' title='bbox 2629 3640 2789 3701; x_wconf 90' lang='lat' dir='ltr'><strong>misit</strong></span> <span class='ocrx_word' id='word_1_629' title='bbox 2833 3659 3057 3721; x_wconf 85' lang='lat' dir='ltr'><strong>quaero,</strong></span> <span class='ocrx_word' id='word_1_630' title='bbox 3092 3641 3263 3721; x_wconf 89' lang='lat' dir='ltr'><strong>cujus</strong></span> <span class='ocrx_word' id='word_1_631' title='bbox 3292 3640 3480 3719; x_wconf 85' lang='lat' dir='ltr'><strong>gratia</strong></span> <span class='ocrx_word' id='word_1_632' title='bbox 3507 3638 3682 3713; x_wconf 83' lang='lat' dir='ltr'><strong>velim</strong></span> 
     </span>
    </p>
   </div>
   <div class='ocr_carea' id='block_1_80' title="bbox 2041 3726 3686 3809">
    <p class='ocr_par' dir='ltr' id='par_1_80' title="bbox 2041 3726 3686 3809">
     <span class='ocr_line' id='line_1_80' title="bbox 2041 3726 3686 3809; baseline -0.001 -19"><span class='ocrx_word' id='word_1_633' title='bbox 2041 3728 2157 3790; x_wconf 88' lang='lat' dir='ltr'><strong>alia</strong></span> <span class='ocrx_word' id='word_1_634' title='bbox 2175 3729 2390 3790; x_wconf 88' lang='lat' dir='ltr'><strong>docere</strong></span> <span class='ocrx_word' id='word_1_635' title='bbox 2426 3751 2439 3787; x_wconf 88' lang='lat'><strong>:</strong></span> <span class='ocrx_word' id='word_1_636' title='bbox 2466 3747 2638 3789; x_wconf 87' lang='lat' dir='ltr'><strong>verax</strong></span> <span class='ocrx_word' id='word_1_637' title='bbox 2670 3728 2847 3807; x_wconf 82' lang='lat' dir='ltr'><strong>igitur</strong></span> <span class='ocrx_word' id='word_1_638' title='bbox 2869 3748 3023 3809; x_wconf 88' lang='lat' dir='ltr'><strong>sum,</strong></span> <span class='ocrx_word' id='word_1_639' title='bbox 3052 3737 3111 3790; x_wconf 91' lang='lat' dir='ltr'><strong>et</strong></span> <span class='ocrx_word' id='word_1_640' title='bbox 3140 3748 3259 3790; x_wconf 90' lang='lat' dir='ltr'><strong>non</strong></span> <span class='ocrx_word' id='word_1_641' title='bbox 3293 3726 3686 3806; x_wconf 84' lang='lat' dir='ltr'><strong>estinjustitia</strong></span> 
     </span>
    </p>
   </div>
   <div class='ocr_carea' id='block_1_81' title="bbox 2041 3816 3680 3898">
    <p class='ocr_par' dir='ltr' id='par_1_81' title="bbox 2041 3816 3680 3898">
     <span class='ocr_line' id='line_1_81' title="bbox 2041 3816 3680 3898; baseline -0.002 -20"><span class='ocrx_word' id='word_1_642' title='bbox 2041 3818 2104 3880; x_wconf 91' lang='lat' dir='ltr'><strong>in</strong></span> <span class='ocrx_word' id='word_1_643' title='bbox 2135 3837 2230 3879; x_wconf 89' lang='lat' dir='ltr'><strong>me</strong></span> <span class='ocrx_word' id='word_1_644' title='bbox 2268 3839 2280 3879; x_wconf 93' lang='lat'><strong>:</strong></span> <span class='ocrx_word' id='word_1_645' title='bbox 2315 3819 2426 3878; x_wconf 90' lang='lat' dir='ltr'><strong>hoc</strong></span> <span class='ocrx_word' id='word_1_646' title='bbox 2459 3826 2547 3878; x_wconf 92' lang='lat' dir='ltr'><strong>est</strong></span> <span class='ocrx_word' id='word_1_647' title='bbox 2578 3836 2694 3877; x_wconf 88' lang='lat' dir='ltr'><strong>non</strong></span> <span class='ocrx_word' id='word_1_648' title='bbox 2727 3817 2893 3898; x_wconf 87' lang='lat' dir='ltr'><strong>rapio</strong></span> <span class='ocrx_word' id='word_1_649' title='bbox 2926 3818 3170 3896; x_wconf 87' lang='lat' dir='ltr'><strong>gloriam</strong></span> <span class='ocrx_word' id='word_1_650' title='bbox 3203 3817 3375 3879; x_wconf 62' lang='lat' dir='ltr'><strong>alteri</strong></span> <span class='ocrx_word' id='word_1_651' title='bbox 3396 3816 3680 3878; x_wconf 88' lang='lat' dir='ltr'><strong>debitam.</strong></span> 
     </span>
    </p>
   </div>
   <div class='ocr_carea' id='block_1_82' title="bbox 2040 3900 3687 3986">
    <p class='ocr_par' dir='ltr' id='par_1_82' title="bbox 2040 3900 3687 3986">
     <span class='ocr_line' id='line_1_82' title="bbox 2040 3900 3687 3986; baseline -0.001 -18"><span class='ocrx_word' id='word_1_652' title='bbox 2040 3905 2167 3969; x_wconf 89' lang='lat' dir='ltr'><strong>Hoc</strong></span> <span class='ocrx_word' id='word_1_653' title='bbox 2197 3907 2355 3967; x_wconf 91' lang='lat' dir='ltr'><strong>enim</strong></span> <span class='ocrx_word' id='word_1_654' title='bbox 2376 3906 2676 3985; x_wconf 76' lang='lat' dir='ltr'><strong>injustitiae</strong></span> <span class='ocrx_word' id='word_1_655' title='bbox 2702 3907 2876 3968; x_wconf 80' lang='lat' dir='ltr'><strong>foret.</strong></span> <span class='ocrx_word' id='word_1_656' title='bbox 2912 3912 3101 3986; x_wconf 83' lang='lat' dir='ltr'><strong>Atque</strong></span> <span class='ocrx_word' id='word_1_657' title='bbox 3134 3906 3216 3968; x_wconf 90' lang='lat' dir='ltr'><strong>ita</strong></span> <span class='ocrx_word' id='word_1_658' title='bbox 3257 3900 3523 3967; x_wconf 77' lang='lat' dir='ltr'><strong>doctrina</strong></span> <span class='ocrx_word' id='word_1_659' title='bbox 3554 3922 3687 3973; x_wconf 81' lang='lat' dir='ltr'><strong>mea</strong></span> 
     </span>
    </p>
   </div>
   <div class='ocr_carea' id='block_1_83' title="bbox 2040 3994 3681 4074">
    <p class='ocr_par' dir='ltr' id='par_1_83' title="bbox 2040 3994 3681 4074">
     <span class='ocr_line' id='line_1_83' title="bbox 2040 3994 3681 4074; baseline -0.004 -16"><span class='ocrx_word' id='word_1_660' title='bbox 2040 4005 2097 4058; x_wconf 90' lang='lat' dir='ltr'><strong>et</strong></span> <span class='ocrx_word' id='word_1_661' title='bbox 2124 3995 2433 4057; x_wconf 84' lang='lat' dir='ltr'><strong>veritatem</strong></span> <span class='ocrx_word' id='word_1_662' title='bbox 2459 3994 2896 4074; x_wconf 88' lang='lat' dir='ltr'><strong>complectitur,</strong></span> <span class='ocrx_word' id='word_1_663' title='bbox 2932 4003 2989 4056; x_wconf 88' lang='lat' dir='ltr'><strong>et</strong></span> <span class='ocrx_word' id='word_1_664' title='bbox 3011 3995 3300 4073; x_wconf 76' lang='lat' dir='ltr'><strong>justitiam</strong></span> <span class='ocrx_word' id='word_1_665' title='bbox 3334 3994 3393 4055; x_wconf 91' lang='lat' dir='ltr'><strong>in</strong></span> <span class='ocrx_word' id='word_1_666' title='bbox 3438 4012 3523 4055; x_wconf 91' lang='lat' dir='ltr'><strong>se.</strong></span> <span class='ocrx_word' id='word_1_667' title='bbox 3551 3994 3681 4054; x_wconf 85' lang='lat' dir='ltr'><strong>Non</strong></span> 
     </span>
    </p>
   </div>
   <div class='ocr_carea' id='block_1_84' title="bbox 2037 4082 3681 4162">
    <p class='ocr_par' dir='ltr' id='par_1_84' title="bbox 2037 4082 3681 4162">
     <span class='ocr_line' id='line_1_84' title="bbox 2037 4082 3681 4162; baseline -0.004 -15"><span class='ocrx_word' id='word_1_668' title='bbox 2037 4086 2195 4149; x_wconf 87' lang='lat' dir='ltr'><strong>enim</strong></span> <span class='ocrx_word' id='word_1_669' title='bbox 2229 4104 2296 4147; x_wconf 87' lang='lat' dir='ltr'><strong>ex</strong></span> <span class='ocrx_word' id='word_1_670' title='bbox 2325 4085 2656 4162; x_wconf 79' lang='lat' dir='ltr'><strong>arrogantia</strong></span> <span class='ocrx_word' id='word_1_671' title='bbox 2679 4084 2838 4147; x_wconf 90' lang='lat' dir='ltr'><strong>fit.ut</strong></span> <span class='ocrx_word' id='word_1_672' title='bbox 2865 4085 3238 4144; x_wconf 79' lang='lat' dir='ltr'><strong>mendacium</strong></span> <span class='ocrx_word' id='word_1_673' title='bbox 3266 4084 3476 4145; x_wconf 87' lang='lat' dir='ltr'><strong>habeat</strong></span> <span class='ocrx_word' id='word_1_674' title='bbox 3506 4082 3681 4144; x_wconf 90' lang='lat' dir='ltr'><strong>acin-</strong></span> 
     </span>
    </p>
   </div>
   <div class='ocr_carea' id='block_1_85' title="bbox 313 4167 1956 4256">
    <p class='ocr_par' dir='ltr' id='par_1_85' title="bbox 313 4167 1950 4256">
     <span class='ocr_line' id='line_1_85' title="bbox 313 4167 1950 4256; baseline 0.002 -27"><span class='ocrx_word' id='word_1_675' title='bbox 313 4197 418 4247; x_wconf 79' lang='grc' dir='ltr'>ται,</span> <span class='ocrx_word' id='word_1_676' title='bbox 474 4175 565 4231; x_wconf 60' lang='grc' dir='ltr'><strong>ἵνα</strong></span> <span class='ocrx_word' id='word_1_677' title='bbox 623 4177 711 4232; x_wconf 83' lang='grc' dir='ltr'><strong>καὶ</strong></span> <span class='ocrx_word' id='word_1_678' title='bbox 765 4178 827 4231; x_wconf 77' lang='grc' dir='ltr'>τὸ</span> <span class='ocrx_word' id='word_1_679' title='bbox 883 4174 1071 4251; x_wconf 75' lang='grc' dir='ltr'>ψευδὲς</span> <span class='ocrx_word' id='word_1_680' title='bbox 1122 4175 1228 4256; x_wconf 77' lang='grc' dir='ltr'><strong>ἔχῃ</strong></span> <span class='ocrx_word' id='word_1_681' title='bbox 1282 4177 1367 4232; x_wconf 84' lang='grc' dir='ltr'><strong>καὶ</strong></span> <span class='ocrx_word' id='word_1_682' title='bbox 1409 4177 1469 4231; x_wconf 84' lang='grc' dir='ltr'><strong>τὸ</strong></span> <span class='ocrx_word' id='word_1_683' title='bbox 1525 4174 1725 4237; x_wconf 75' lang='grc' dir='ltr'>ἄδικον.</span> <span class='ocrx_word' id='word_1_684' title='bbox 1764 4167 1820 4233; x_wconf 61' lang='grc' dir='ltr'>Ὀ</span> <span class='ocrx_word' id='word_1_685' title='bbox 1851 4176 1950 4255; x_wconf 79' lang='grc' dir='ltr'>γὰρ</span> 
     </span>
    </p>
   </div>
   <div class='ocr_carea' id='block_1_86' title="bbox 2042 4167 3682 4256">
    <p class='ocr_par' dir='ltr' id='par_1_86' title="bbox 2042 4170 3682 4253">
     <span class='ocr_line' id='line_1_86' title="bbox 2042 4170 3682 4253; baseline -0.003 -18"><span class='ocrx_word' id='word_1_686' title='bbox 2042 4175 2336 4253; x_wconf 82' lang='lat' dir='ltr'><strong>iustitiam.</strong></span> <span class='ocrx_word' id='word_1_687' title='bbox 2372 4176 2671 4250; x_wconf 81' lang='lat' dir='ltr'><strong>Arrogans</strong></span> <span class='ocrx_word' id='word_1_688' title='bbox 2707 4190 2839 4235; x_wconf 85' lang='lat' dir='ltr'><strong>vero</strong></span> <span class='ocrx_word' id='word_1_689' title='bbox 2872 4181 2931 4234; x_wconf 88' lang='lat' dir='ltr'><strong>et</strong></span> <span class='ocrx_word' id='word_1_690' title='bbox 2952 4174 3256 4246; x_wconf 89' lang='lat' dir='ltr'><strong>mentitur,</strong></span> <span class='ocrx_word' id='word_1_691' title='bbox 3291 4191 3361 4234; x_wconf 90' lang='lat' dir='ltr'><strong>eo</strong></span> <span class='ocrx_word' id='word_1_692' title='bbox 3406 4171 3565 4251; x_wconf 90' lang='lat' dir='ltr'><strong>quod</strong></span> <span class='ocrx_word' id='word_1_693' title='bbox 3610 4170 3682 4231; x_wconf 91' lang='lat' dir='ltr'><strong>de</strong></span> 
     </span>
    </p>
   </div>
   <div class='ocr_carea' id='block_1_87' title="bbox 309 4262 1030 4345">
    <p class='ocr_par' dir='ltr' id='par_1_87' title="bbox 309 4262 1030 4345">
     <span class='ocr_line' id='line_1_87' title="bbox 309 4262 1030 4345; baseline 0.003 -28"><span class='ocrx_word' id='word_1_694' title='bbox 309 4262 515 4334; x_wconf 77' lang='grc' dir='ltr'>ἀλαζὼν</span> <span class='ocrx_word' id='word_1_695' title='bbox 590 4266 678 4320; x_wconf 82' lang='grc' dir='ltr'>γαὶ</span> <span class='ocrx_word' id='word_1_696' title='bbox 762 4262 1030 4345; x_wconf 80' lang='grc' dir='ltr'>ψεύδεται,</span> 
     </span>
    </p>
   </div>
   <div class='ocr_carea' id='block_1_88' title="bbox 1120 4260 1956 4344">
    <p class='ocr_par' dir='ltr' id='par_1_88' title="bbox 1120 4265 1948 4342">
     <span class='ocr_line' id='line_1_88' title="bbox 1120 4265 1907 4295; baseline -0.014 0"><span class='ocrx_word' id='word_1_697' title='bbox 1120 4292 1123 4295; x_wconf 98' lang='grc'>.</span> <span class='ocrx_word' id='word_1_698' title='bbox 1401 4267 1416 4286; x_wconf 73' lang='lat'>‘</span> <span class='ocrx_word' id='word_1_699' title='bbox 1529 4269 1542 4290; x_wconf 60' lang='grc' dir='ltr'><strong>θ</strong></span> <span class='ocrx_word' id='word_1_700' title='bbox 1618 4268 1639 4287; x_wconf 69' lang='grc' dir='ltr'><strong>ν</strong></span> <span class='ocrx_word' id='word_1_701' title='bbox 1737 4265 1750 4283; x_wconf 55' lang='grc' dir='ltr'><strong>ε</strong></span> <span class='ocrx_word' id='word_1_702' title='bbox 1891 4266 1907 4285; x_wconf 74' lang='lat'><strong><em>\</em></strong></span> 
     </span>
     <span class='ocr_line' id='line_1_89' title="bbox 1120 4267 1948 4342; baseline -0.001 -20"><span class='ocrx_word' id='word_1_703' title='bbox 1120 4267 1248 4322; x_wconf 69' lang='grc' dir='ltr'>καθὸ</span> <span class='ocrx_word' id='word_1_704' title='bbox 1303 4286 1419 4342; x_wconf 86' lang='grc' dir='ltr'>περι</span> <span class='ocrx_word' id='word_1_705' title='bbox 1490 4287 1646 4324; x_wconf 83' lang='grc' dir='ltr'>αυτου</span> <span class='ocrx_word' id='word_1_706' title='bbox 1700 4287 1765 4321; x_wconf 91' lang='grc' dir='ltr'><strong>τα</strong></span> <span class='ocrx_word' id='word_1_707' title='bbox 1818 4267 1948 4342; x_wconf 71' lang='grc' dir='ltr'>ὕπερ</span> 
     </span>
    </p>
   </div>
   <div class='ocr_carea' id='block_1_89' title="bbox 2042 4260 3683 4344">
    <p class='ocr_par' dir='ltr' id='par_1_89' title="bbox 2042 4260 3683 4344">
     <span class='ocr_line' id='line_1_90' title="bbox 2042 4260 3683 4344; baseline -0.002 -21"><span class='ocrx_word' id='word_1_708' title='bbox 2042 4281 2096 4325; x_wconf 76' lang='lat' dir='ltr'><strong>se</strong></span> <span class='ocrx_word' id='word_1_709' title='bbox 2118 4264 2252 4344; x_wconf 89' lang='lat' dir='ltr'><strong>plus</strong></span> <span class='ocrx_word' id='word_1_710' title='bbox 2282 4280 2456 4343; x_wconf 90' lang='lat' dir='ltr'><strong>qnam</strong></span> <span class='ocrx_word' id='word_1_711' title='bbox 2492 4269 2773 4335; x_wconf 87' lang='lat' dir='ltr'><strong>meretur,</strong></span> <span class='ocrx_word' id='word_1_712' title='bbox 2810 4260 2977 4333; x_wconf 83' lang='lat' dir='ltr'><strong>dicit,</strong></span> <span class='ocrx_word' id='word_1_713' title='bbox 3008 4270 3065 4323; x_wconf 91' lang='lat' dir='ltr'><strong>et</strong></span> <span class='ocrx_word' id='word_1_714' title='bbox 3109 4262 3325 4339; x_wconf 90' lang='lat' dir='ltr'><strong>injuste</strong></span> <span class='ocrx_word' id='word_1_715' title='bbox 3355 4262 3494 4337; x_wconf 78' lang='lat' dir='ltr'><strong>agit,</strong></span> <span class='ocrx_word' id='word_1_716' title='bbox 3546 4262 3683 4338; x_wconf 85' lang='lat' dir='ltr'><strong>quia</strong></span> 
     </span>
    </p>
   </div>
   <div class='ocr_carea' id='block_1_90' title="bbox 309 4347 1956 4431">
    <p class='ocr_par' dir='ltr' id='par_1_90' title="bbox 309 4351 1948 4431">
     <span class='ocr_line' id='line_1_91' title="bbox 309 4351 1948 4431; baseline 0.001 -24"><span class='ocrx_word' id='word_1_717' title='bbox 309 4353 404 4419; x_wconf 71' lang='grc' dir='ltr'><strong>τὴν</strong></span> <span class='ocrx_word' id='word_1_718' title='bbox 459 4351 604 4418; x_wconf 80' lang='grc' dir='ltr'>ἀξίαν</span> <span class='ocrx_word' id='word_1_719' title='bbox 649 4353 808 4411; x_wconf 77' lang='grc' dir='ltr'><strong>αὒτοῦ</strong></span> <span class='ocrx_word' id='word_1_720' title='bbox 865 4352 1030 4431; x_wconf 79' lang='grc' dir='ltr'>λέγει,</span> <span class='ocrx_word' id='word_1_721' title='bbox 1085 4354 1172 4409; x_wconf 90' lang='grc' dir='ltr'>καὶ</span> <span class='ocrx_word' id='word_1_722' title='bbox 1227 4351 1425 4429; x_wconf 76' lang='grc' dir='ltr'>ἀδικεῖ,</span> <span class='ocrx_word' id='word_1_723' title='bbox 1471 4356 1601 4409; x_wconf 78' lang='grc' dir='ltr'>καθὸ</span> <span class='ocrx_word' id='word_1_724' title='bbox 1654 4354 1753 4420; x_wconf 74' lang='grc' dir='ltr'>τὴν</span> <span class='ocrx_word' id='word_1_725' title='bbox 1782 4352 1948 4409; x_wconf 82' lang='grc' dir='ltr'>ἀλλο-</span> 
     </span>
    </p>
   </div>
   <div class='ocr_carea' id='block_1_91' title="bbox 2042 4347 3679 4431">
    <p class='ocr_par' dir='ltr' id='par_1_91' title="bbox 2042 4347 3679 4425">
     <span class='ocr_line' id='line_1_92' title="bbox 2042 4347 3679 4425; baseline -0.003 -12"><span class='ocrx_word' id='word_1_726' title='bbox 2042 4352 2281 4413; x_wconf 74' lang='lat' dir='ltr'><strong>ilienam</strong></span> <span class='ocrx_word' id='word_1_727' title='bbox 2353 4358 2410 4411; x_wconf 90' lang='lat' dir='ltr'><strong>et</strong></span> <span class='ocrx_word' id='word_1_728' title='bbox 2472 4349 2585 4408; x_wconf 77' lang='lat' dir='ltr'><strong>sibi</strong></span> <span class='ocrx_word' id='word_1_729' title='bbox 2660 4349 3171 4410; x_wconf 89' lang='lat' dir='ltr'><strong>inconvenientem</strong></span> <span class='ocrx_word' id='word_1_730' title='bbox 3244 4347 3488 4425; x_wconf 83' lang='lat' dir='ltr'><strong>gloriam</strong></span> <span class='ocrx_word' id='word_1_731' title='bbox 3580 4366 3679 4408; x_wconf 87' lang='lat' dir='ltr'><strong>ra-</strong></span> 
     </span>
    </p>
   </div>
   <div class='ocr_carea' id='block_1_92' title="bbox 308 4439 1942 4521">
    <p class='ocr_par' dir='ltr' id='par_1_92' title="bbox 308 4439 1942 4521">
     <span class='ocr_line' id='line_1_93' title="bbox 308 4439 1942 4521; baseline 0.001 -25"><span class='ocrx_word' id='word_1_732' title='bbox 308 4443 452 4521; x_wconf 78' lang='grc' dir='ltr'>τρίαν</span> <span class='ocrx_word' id='word_1_733' title='bbox 509 4443 594 4498; x_wconf 79' lang='grc' dir='ltr'>καὶ</span> <span class='ocrx_word' id='word_1_734' title='bbox 637 4439 803 4518; x_wconf 79' lang='grc' dir='ltr'>μηδὲν</span> <span class='ocrx_word' id='word_1_735' title='bbox 866 4446 1009 4516; x_wconf 79' lang='grc' dir='ltr'><strong>αὖτῷ</strong></span> <span class='ocrx_word' id='word_1_736' title='bbox 1066 4443 1440 4519; x_wconf 78' lang='grc' dir='ltr'>προσήκουσαν</span> <span class='ocrx_word' id='word_1_737' title='bbox 1496 4441 1646 4507; x_wconf 78' lang='grc' dir='ltr'>δόξαν</span> <span class='ocrx_word' id='word_1_738' title='bbox 1702 4442 1942 4521; x_wconf 72' lang='grc' dir='ltr'>ἁρπάζει,</span> 
     </span>
    </p>
   </div>
   <div class='ocr_carea' id='block_1_93' title="bbox 2030 4436 3684 4521">
    <p class='ocr_par' dir='ltr' id='par_1_93' title="bbox 2030 4436 3684 4521">
     <span class='ocr_line' id='line_1_94' title="bbox 2030 4436 3684 4521; baseline -0.001 -20"><span class='ocrx_word' id='word_1_739' title='bbox 2030 4441 2136 4521; x_wconf 86' lang='lat' dir='ltr'><strong>pit.</strong></span> <span class='ocrx_word' id='word_1_740' title='bbox 2170 4442 2245 4501; x_wconf 85' lang='lat' dir='ltr'><strong>At</strong></span> <span class='ocrx_word' id='word_1_741' title='bbox 2273 4438 2556 4501; x_wconf 89' lang='lat' dir='ltr'><strong>Dominus</strong></span> <span class='ocrx_word' id='word_1_742' title='bbox 2588 4438 2724 4518; x_wconf 86' lang='lat' dir='ltr'><strong>quia</strong></span> <span class='ocrx_word' id='word_1_743' title='bbox 2748 4457 2881 4518; x_wconf 64' lang='lat' dir='ltr'><strong>quae</strong></span> <span class='ocrx_word' id='word_1_744' title='bbox 2911 4437 3098 4500; x_wconf 82' lang='lat' dir='ltr'><strong>Patris</strong></span> <span class='ocrx_word' id='word_1_745' title='bbox 3130 4446 3264 4499; x_wconf 90' lang='lat' dir='ltr'><strong>sunt</strong></span> <span class='ocrx_word' id='word_1_746' title='bbox 3293 4436 3684 4518; x_wconf 65' lang='lat' dir='ltr'><strong>quaertbat,et</strong></span> 
     </span>
    </p>
   </div>
   <div class='ocr_carea' id='block_1_94' title="bbox 311 4520 1956 4610">
    <p class='ocr_par' dir='ltr' id='par_1_94' title="bbox 311 4520 1947 4610">
     <span class='ocr_line' id='line_1_95' title="bbox 311 4520 1947 4610; baseline 0.001 -24"><span class='ocrx_word' id='word_1_747' title='bbox 311 4520 370 4586; x_wconf 71' lang='grc' dir='ltr'>Ὀ</span> <span class='ocrx_word' id='word_1_748' title='bbox 404 4528 457 4585; x_wconf 76' lang='grc' dir='ltr'>δὲ</span> <span class='ocrx_word' id='word_1_749' title='bbox 517 4530 704 4610; x_wconf 87' lang='grc' dir='ltr'>Κύριος</span> <span class='ocrx_word' id='word_1_750' title='bbox 763 4529 945 4599; x_wconf 76' lang='grc' dir='ltr'>ἐπειδὴ</span> <span class='ocrx_word' id='word_1_751' title='bbox 1002 4531 1067 4587; x_wconf 80' lang='grc' dir='ltr'><strong>τὰ</strong></span> <span class='ocrx_word' id='word_1_752' title='bbox 1094 4538 1187 4588; x_wconf 86' lang='grc' dir='ltr'>τοῦ</span> <span class='ocrx_word' id='word_1_753' title='bbox 1218 4532 1422 4609; x_wconf 75' lang='grc' dir='ltr'>[ἰατρὸς</span> <span class='ocrx_word' id='word_1_754' title='bbox 1452 4530 1651 4610; x_wconf 77' lang='grc' dir='ltr'>ἐζήτει,</span> <span class='ocrx_word' id='word_1_755' title='bbox 1684 4532 1772 4587; x_wconf 86' lang='grc' dir='ltr'>καὶ</span> <span class='ocrx_word' id='word_1_756' title='bbox 1803 4529 1947 4589; x_wconf 72' lang='grc' dir='ltr'>οὒδὲν</span> 
     </span>
    </p>
   </div>
   <div class='ocr_carea' id='block_1_95' title="bbox 2042 4520 3682 4610">
    <p class='ocr_par' dir='ltr' id='par_1_95' title="bbox 2042 4526 3682 4605">
     <span class='ocr_line' id='line_1_96' title="bbox 2042 4526 3682 4605; baseline -0.001 -14"><span class='ocrx_word' id='word_1_757' title='bbox 2042 4529 2180 4591; x_wconf 89' lang='lat' dir='ltr'><strong>nihil</strong></span> <span class='ocrx_word' id='word_1_758' title='bbox 2213 4529 2286 4589; x_wconf 88' lang='lat' dir='ltr'><strong>de</strong></span> <span class='ocrx_word' id='word_1_759' title='bbox 2317 4546 2381 4587; x_wconf 75' lang='lat' dir='ltr'><strong>se</strong></span> <span class='ocrx_word' id='word_1_760' title='bbox 2411 4535 2755 4605; x_wconf 81' lang='lat' dir='ltr'><strong>arroganter</strong></span> <span class='ocrx_word' id='word_1_761' title='bbox 2811 4526 3064 4599; x_wconf 88' lang='lat' dir='ltr'><strong>dicebat,</strong></span> <span class='ocrx_word' id='word_1_762' title='bbox 3114 4528 3355 4589; x_wconf 88' lang='lat' dir='ltr'><strong>omnino</strong></span> <span class='ocrx_word' id='word_1_763' title='bbox 3406 4535 3463 4587; x_wconf 92' lang='lat' dir='ltr'><strong>et</strong></span> <span class='ocrx_word' id='word_1_764' title='bbox 3509 4545 3682 4590; x_wconf 83' lang='lat' dir='ltr'><strong>verax</strong></span> 
     </span>
    </p>
   </div>
   <div class='ocr_carea' id='block_1_96' title="bbox 310 4619 1949 4701">
    <p class='ocr_par' dir='ltr' id='par_1_96' title="bbox 310 4619 1949 4701">
     <span class='ocr_line' id='line_1_97' title="bbox 310 4619 1949 4701; baseline 0.003 -27"><span class='ocrx_word' id='word_1_765' title='bbox 310 4620 428 4695; x_wconf 78' lang='grc' dir='ltr'>περὶ</span> <span class='ocrx_word' id='word_1_766' title='bbox 482 4620 667 4680; x_wconf 71' lang='grc' dir='ltr'>ἑαυτοό</span> <span class='ocrx_word' id='word_1_767' title='bbox 724 4619 1099 4701; x_wconf 80' lang='grc' dir='ltr'>ἠλαζονεύετο,</span> <span class='ocrx_word' id='word_1_768' title='bbox 1161 4621 1247 4675; x_wconf 85' lang='grc' dir='ltr'><strong>καὶ</strong></span> <span class='ocrx_word' id='word_1_769' title='bbox 1297 4619 1501 4690; x_wconf 79' lang='grc' dir='ltr'>ἀληθής</span> <span class='ocrx_word' id='word_1_770' title='bbox 1563 4620 1676 4677; x_wconf 78' lang='grc' dir='ltr'>ἐστι</span> <span class='ocrx_word' id='word_1_771' title='bbox 1739 4622 1949 4684; x_wconf 82' lang='grc' dir='ltr'>πάντως</span> 
     </span>
    </p>
   </div>
   <div class='ocr_carea' id='block_1_97' title="bbox 312 4707 1947 4789">
    <p class='ocr_par' dir='ltr' id='par_1_97' title="bbox 312 4707 1947 4789">
     <span class='ocr_line' id='line_1_98' title="bbox 312 4707 1947 4789; baseline 0.004 -28"><span class='ocrx_word' id='word_1_772' title='bbox 312 4710 397 4763; x_wconf 76' lang='grc' dir='ltr'><strong>καὶ</strong></span> <span class='ocrx_word' id='word_1_773' title='bbox 428 4707 649 4772; x_wconf 84' lang='grc' dir='ltr'>δίκαιος,</span> <span class='ocrx_word' id='word_1_774' title='bbox 688 4708 973 4788; x_wconf 79' lang='grc' dir='ltr'>Πολλαχοῧ</span> <span class='ocrx_word' id='word_1_775' title='bbox 1023 4707 1078 4765; x_wconf 74' lang='grc' dir='ltr'>δὲ</span> <span class='ocrx_word' id='word_1_776' title='bbox 1137 4708 1386 4789; x_wconf 71' lang='grc' dir='ltr'>εἴπομεν,</span> <span class='ocrx_word' id='word_1_777' title='bbox 1421 4711 1510 4766; x_wconf 81' lang='grc' dir='ltr'><strong>καὶ</strong></span> <span class='ocrx_word' id='word_1_778' title='bbox 1563 4716 1650 4766; x_wconf 83' lang='grc' dir='ltr'>νῦν</span> <span class='ocrx_word' id='word_1_779' title='bbox 1696 4708 1947 4789; x_wconf 82' lang='grc' dir='ltr'>λέγομεν,</span> 
     </span>
    </p>
   </div>
   <div class='ocr_carea' id='block_1_98' title="bbox 307 4795 1955 4879">
    <p class='ocr_par' dir='ltr' id='par_1_98' title="bbox 307 4795 1955 4879">
     <span class='ocr_line' id='line_1_99' title="bbox 307 4795 1955 4879; baseline 0.004 -28"><span class='ocrx_word' id='word_1_780' title='bbox 307 4797 387 4853; x_wconf 76' lang='grc' dir='ltr'><strong>ὅτι</strong></span> <span class='ocrx_word' id='word_1_781' title='bbox 446 4795 572 4853; x_wconf 84' lang='grc' dir='ltr'>ὅταν</span> <span class='ocrx_word' id='word_1_782' title='bbox 615 4799 837 4855; x_wconf 73' lang='grc' dir='ltr'>ταπεινά</span> <span class='ocrx_word' id='word_1_783' title='bbox 892 4820 1010 4855; x_wconf 82' lang='grc' dir='ltr'>τινα</span> <span class='ocrx_word' id='word_1_784' title='bbox 1060 4797 1232 4876; x_wconf 82' lang='grc' dir='ltr'>λέγων</span> <span class='ocrx_word' id='word_1_785' title='bbox 1270 4800 1518 4879; x_wconf 72' lang='grc' dir='ltr'>φαίνηται</span> <span class='ocrx_word' id='word_1_786' title='bbox 1562 4801 1590 4855; x_wconf 85' lang='grc' dir='ltr'>ὁ</span> <span class='ocrx_word' id='word_1_787' title='bbox 1622 4800 1829 4879; x_wconf 84' lang='grc' dir='ltr'>Κύριος,</span> <span class='ocrx_word' id='word_1_788' title='bbox 1894 4802 1955 4857; x_wconf 74' lang='grc' dir='ltr'><strong>οὗ</strong></span> 
     </span>
    </p>
   </div>
   <div class='ocr_carea' id='block_1_99' title="bbox 307 4884 1955 4967">
    <p class='ocr_par' dir='ltr' id='par_1_99' title="bbox 307 4884 1955 4967">
     <span class='ocr_line' id='line_1_100' title="bbox 307 4884 1955 4967; baseline 0.004 -27"><span class='ocrx_word' id='word_1_789' title='bbox 307 4884 389 4941; x_wconf 71' lang='grc' dir='ltr'><strong>δεῖ</strong></span> <span class='ocrx_word' id='word_1_790' title='bbox 437 4888 689 4962; x_wconf 84' lang='grc' dir='ltr'>νομίζειν,</span> <span class='ocrx_word' id='word_1_791' title='bbox 751 4887 832 4944; x_wconf 80' lang='grc' dir='ltr'><strong>ὅτι</strong></span> <span class='ocrx_word' id='word_1_792' title='bbox 893 4889 966 4951; x_wconf 80' lang='grc' dir='ltr'>ὡς</span> <span class='ocrx_word' id='word_1_793' title='bbox 1014 4887 1248 4945; x_wconf 78' lang='grc' dir='ltr'>ἐλάττων</span> <span class='ocrx_word' id='word_1_794' title='bbox 1306 4888 1381 4945; x_wconf 85' lang='grc' dir='ltr'>ὢν</span> <span class='ocrx_word' id='word_1_795' title='bbox 1411 4895 1501 4945; x_wconf 83' lang='grc' dir='ltr'><strong>τοῦ</strong></span> <span class='ocrx_word' id='word_1_796' title='bbox 1559 4890 1764 4967; x_wconf 80' lang='grc' dir='ltr'>Πατρὸς</span> <span class='ocrx_word' id='word_1_797' title='bbox 1817 4891 1955 4946; x_wconf 78' lang='grc' dir='ltr'>κατὰ</span> 
     </span>
    </p>
   </div>
   <div class='ocr_carea' id='block_1_100' title="bbox 466 4974 1948 5057">
    <p class='ocr_par' dir='ltr' id='par_1_100' title="bbox 466 4974 1948 5057">
     <span class='ocr_line' id='line_1_101' title="bbox 466 4974 1948 5057; baseline 0.002 -25"><span class='ocrx_word' id='word_1_798' title='bbox 466 5024 482 5054; x_wconf 90' lang='grc'><strong>,</strong></span> <span class='ocrx_word' id='word_1_799' title='bbox 540 4985 708 5033; x_wconf 75' lang='grc' dir='ltr'>ταῦτα</span> <span class='ocrx_word' id='word_1_800' title='bbox 767 4976 1072 5057; x_wconf 70' lang='grc' dir='ltr'>φθέγγεται,</span> <span class='ocrx_word' id='word_1_801' title='bbox 1132 4976 1269 5033; x_wconf 82' lang='grc' dir='ltr'>ἀλλὰ</span> <span class='ocrx_word' id='word_1_802' title='bbox 1324 4974 1408 5032; x_wconf 79' lang='grc' dir='ltr'><strong>διὰ</strong></span> <span class='ocrx_word' id='word_1_803' title='bbox 1465 4977 1525 5033; x_wconf 85' lang='grc' dir='ltr'>τὸ</span> <span class='ocrx_word' id='word_1_804' title='bbox 1576 4978 1653 5052; x_wconf 79' lang='grc' dir='ltr'>μὴ</span> <span class='ocrx_word' id='word_1_805' title='bbox 1718 4976 1948 5047; x_wconf 81' lang='grc' dir='ltr'>ἀντίθεος</span> 
     </span>
    </p>
   </div>
   <div class='ocr_carea' id='block_1_101' title="bbox 304 5064 1948 5146">
    <p class='ocr_par' dir='ltr' id='par_1_101' title="bbox 304 5064 1948 5146">
     <span class='ocr_line' id='line_1_102' title="bbox 304 5064 1948 5146; baseline 0.005 -31"><span class='ocrx_word' id='word_1_806' title='bbox 304 5068 637 5144; x_wconf 76' lang='grc' dir='ltr'>νομισθῆναι,</span> <span class='ocrx_word' id='word_1_807' title='bbox 681 5067 770 5123; x_wconf 84' lang='grc' dir='ltr'><strong>καὶ</strong></span> <span class='ocrx_word' id='word_1_808' title='bbox 839 5064 926 5122; x_wconf 80' lang='grc' dir='ltr'><strong>διὰ</strong></span> <span class='ocrx_word' id='word_1_809' title='bbox 983 5067 1085 5134; x_wconf 75' lang='grc' dir='ltr'><strong>τὴν</strong></span> <span class='ocrx_word' id='word_1_810' title='bbox 1132 5064 1403 5123; x_wconf 76' lang='grc' dir='ltr'>ἀσθένειαν</span> <span class='ocrx_word' id='word_1_811' title='bbox 1462 5066 1566 5122; x_wconf 88' lang='grc' dir='ltr'><strong>τῶν</strong></span> <span class='ocrx_word' id='word_1_812' title='bbox 1625 5066 1948 5146; x_wconf 83' lang='grc' dir='ltr'>ἀκουόντων,</span> 
     </span>
    </p>
   </div>
   <div class='ocr_carea' id='block_1_102' title="bbox 304 5151 1949 5234">
    <p class='ocr_par' dir='ltr' id='par_1_102' title="bbox 304 5151 1949 5234">
     <span class='ocr_line' id='line_1_103' title="bbox 304 5151 1949 5234; baseline 0.005 -28"><span class='ocrx_word' id='word_1_813' title='bbox 304 5155 390 5208; x_wconf 80' lang='grc' dir='ltr'><strong>καὶ</strong></span> <span class='ocrx_word' id='word_1_814' title='bbox 445 5151 529 5209; x_wconf 66' lang='grc' dir='ltr'><strong>διὰ</strong></span> <span class='ocrx_word' id='word_1_815' title='bbox 571 5156 630 5211; x_wconf 79' lang='grc' dir='ltr'>τὸ</span> <span class='ocrx_word' id='word_1_816' title='bbox 685 5158 853 5221; x_wconf 65' lang='grc' dir='ltr'>σάρκα</span> <span class='ocrx_word' id='word_1_817' title='bbox 902 5152 1338 5234; x_wconf 66' lang='grc' dir='ltr'>περιϐεϐλῆσθαι,</span> <span class='ocrx_word' id='word_1_818' title='bbox 1395 5157 1487 5212; x_wconf 81' lang='grc' dir='ltr'><strong>καὶ</strong></span> <span class='ocrx_word' id='word_1_819' title='bbox 1542 5152 1627 5210; x_wconf 75' lang='grc' dir='ltr'>διὰ</span> <span class='ocrx_word' id='word_1_820' title='bbox 1694 5156 1757 5210; x_wconf 78' lang='grc' dir='ltr'>τὸ</span> <span class='ocrx_word' id='word_1_821' title='bbox 1800 5153 1949 5215; x_wconf 86' lang='grc' dir='ltr'>διδά-</span> 
     </span>
    </p>
   </div>
   <div class='ocr_carea' id='block_1_103' title="bbox 306 5242 1951 5324">
    <p class='ocr_par' dir='ltr' id='par_1_103' title="bbox 306 5242 1951 5324">
     <span class='ocr_line' id='line_1_104' title="bbox 306 5242 1951 5324; baseline 0.004 -30"><span class='ocrx_word' id='word_1_822' title='bbox 306 5263 445 5297; x_wconf 67' lang='grc' dir='ltr'>σκειν</span> <span class='ocrx_word' id='word_1_823' title='bbox 502 5244 645 5324; x_wconf 76' lang='grc' dir='ltr'>ἠμᾷς</span> <span class='ocrx_word' id='word_1_824' title='bbox 703 5244 1023 5323; x_wconf 80' lang='grc' dir='ltr'>μετριάζειν,</span> <span class='ocrx_word' id='word_1_825' title='bbox 1085 5245 1172 5300; x_wconf 85' lang='grc' dir='ltr'><strong>καὶ</strong></span> <span class='ocrx_word' id='word_1_826' title='bbox 1233 5242 1398 5319; x_wconf 79' lang='grc' dir='ltr'>μηδὲν</span> <span class='ocrx_word' id='word_1_827' title='bbox 1442 5243 1580 5321; x_wconf 80' lang='grc' dir='ltr'>μέγα</span> <span class='ocrx_word' id='word_1_828' title='bbox 1608 5242 1783 5322; x_wconf 79' lang='grc' dir='ltr'>λέγειν</span> <span class='ocrx_word' id='word_1_829' title='bbox 1834 5246 1951 5324; x_wconf 78' lang='grc' dir='ltr'>περὶ</span> 
     </span>
    </p>
   </div>
   <div class='ocr_carea' id='block_1_104' title="bbox 302 5321 1952 5411">
    <p class='ocr_par' dir='ltr' id='par_1_104' title="bbox 302 5321 1952 5411">
     <span class='ocr_line' id='line_1_105' title="bbox 302 5321 1952 5411; baseline 0.004 -27"><span class='ocrx_word' id='word_1_830' title='bbox 302 5330 524 5393; x_wconf 79' lang='grc' dir='ltr'>ἑαυτῶν,</span> <span class='ocrx_word' id='word_1_831' title='bbox 590 5321 765 5389; x_wconf 78' lang='grc' dir='ltr'><strong>υΟταν</strong></span> <span class='ocrx_word' id='word_1_832' title='bbox 808 5321 878 5388; x_wconf 83' lang='grc' dir='ltr'><strong>δέ</strong></span> <span class='ocrx_word' id='word_1_833' title='bbox 935 5321 1016 5409; x_wconf 26' lang='grc' dir='ltr'><strong>γε.</strong></span> <span class='ocrx_word' id='word_1_834' title='bbox 1052 5331 1236 5408; x_wconf 74' lang='grc' dir='ltr'>ὑψηλὰ</span> <span class='ocrx_word' id='word_1_835' title='bbox 1287 5333 1377 5389; x_wconf 85' lang='grc' dir='ltr'><strong>καὶ</strong></span> <span class='ocrx_word' id='word_1_836' title='bbox 1430 5335 1546 5411; x_wconf 85' lang='grc' dir='ltr'><strong>περί</strong></span> <span class='ocrx_word' id='word_1_837' title='bbox 1598 5321 1695 5401; x_wconf 76' lang='grc' dir='ltr'><strong>τῆς</strong></span> <span class='ocrx_word' id='word_1_838' title='bbox 1758 5321 1952 5397; x_wconf 82' lang='grc' dir='ltr'>οἰκείας</span> 
     </span>
    </p>
   </div>
   <div class='ocr_carea' id='block_1_105' title="bbox 301 5415 1953 5501">
    <p class='ocr_par' dir='ltr' id='par_1_105' title="bbox 301 5415 1953 5501">
     <span class='ocr_line' id='line_1_106' title="bbox 301 5415 1953 5501; baseline 0.004 -30"><span class='ocrx_word' id='word_1_839' title='bbox 301 5415 454 5486; x_wconf 65' lang='grc' dir='ltr'>ὀτὶξης</span> <span class='ocrx_word' id='word_1_840' title='bbox 511 5419 828 5500; x_wconf 72' lang='grc' dir='ltr'>φθέγγηται,</span> <span class='ocrx_word' id='word_1_841' title='bbox 889 5422 1002 5501; x_wconf 77' lang='grc' dir='ltr'><strong>χρὴ</strong></span> <span class='ocrx_word' id='word_1_842' title='bbox 1061 5422 1329 5477; x_wconf 81' lang='grc' dir='ltr'>πιστεύειν</span> <span class='ocrx_word' id='word_1_843' title='bbox 1380 5422 1547 5493; x_wconf 80' lang='grc' dir='ltr'>ἡμᾶς,</span> <span class='ocrx_word' id='word_1_844' title='bbox 1617 5420 1698 5477; x_wconf 80' lang='grc' dir='ltr'><strong>ὅτι</strong></span> <span class='ocrx_word' id='word_1_845' title='bbox 1751 5423 1823 5486; x_wconf 82' lang='grc' dir='ltr'>ὡς</span> <span class='ocrx_word' id='word_1_846' title='bbox 1876 5429 1953 5496; x_wconf 80' lang='grc' dir='ltr'>τῷ</span> 
     </span>
    </p>
   </div>
   <div class='ocr_carea' id='block_1_106' title="bbox 301 5504 1949 5590">
    <p class='ocr_par' dir='ltr' id='par_1_106' title="bbox 301 5504 1949 5590">
     <span class='ocr_line' id='line_1_107' title="bbox 301 5504 1949 5590; baseline 0.005 -30"><span class='ocrx_word' id='word_1_847' title='bbox 301 5504 411 5563; x_wconf 65' lang='grc' dir='ltr'>ἄντι</span> <span class='ocrx_word' id='word_1_848' title='bbox 466 5509 589 5573; x_wconf 84' lang='grc' dir='ltr'>’ίσος</span> <span class='ocrx_word' id='word_1_849' title='bbox 669 5513 748 5583; x_wconf 76' lang='grc' dir='ltr'><strong>τῷ</strong></span> <span class='ocrx_word' id='word_1_850' title='bbox 808 5512 994 5588; x_wconf 80' lang='grc' dir='ltr'>Πατρὶ,</span> <span class='ocrx_word' id='word_1_851' title='bbox 1081 5518 1248 5569; x_wconf 80' lang='grc' dir='ltr'>ταῦτα</span> <span class='ocrx_word' id='word_1_852' title='bbox 1305 5511 1370 5567; x_wconf 84' lang='grc' dir='ltr'><strong>τά</strong></span> <span class='ocrx_word' id='word_1_853' title='bbox 1415 5509 1598 5586; x_wconf 76' lang='grc' dir='ltr'>ὑψηλὰ</span> <span class='ocrx_word' id='word_1_854' title='bbox 1646 5511 1949 5590; x_wconf 82' lang='grc' dir='ltr'>φθέγγεται,</span> 
     </span>
    </p>
   </div>
   <div class='ocr_carea' id='block_1_107' title="bbox 300 5596 1361 5683">
    <p class='ocr_par' dir='ltr' id='par_1_107' title="bbox 300 5596 1361 5683">
     <span class='ocr_line' id='line_1_108' title="bbox 300 5596 1361 5683; baseline 0.008 -32"><span class='ocrx_word' id='word_1_855' title='bbox 300 5596 383 5652; x_wconf 72' lang='grc' dir='ltr'><strong>διὰ</strong></span> <span class='ocrx_word' id='word_1_856' title='bbox 410 5601 471 5655; x_wconf 81' lang='grc' dir='ltr'><strong>τὸ</strong></span> <span class='ocrx_word' id='word_1_857' title='bbox 503 5600 726 5677; x_wconf 84' lang='grc' dir='ltr'>μέγεθος</span> <span class='ocrx_word' id='word_1_858' title='bbox 759 5606 859 5668; x_wconf 81' lang='grc' dir='ltr'><strong>τῆς</strong></span> <span class='ocrx_word' id='word_1_859' title='bbox 902 5603 1095 5666; x_wconf 76' lang='grc' dir='ltr'>οἰκείας</span> <span class='ocrx_word' id='word_1_860' title='bbox 1129 5603 1361 5683; x_wconf 70' lang='grc' dir='ltr'>φύσεως.</span> 
     </span>
    </p>
   </div>
   <div class='ocr_carea' id='block_1_108' title="bbox 381 5689 1956 5771">
    <p class='ocr_par' dir='ltr' id='par_1_108' title="bbox 381 5689 1956 5771">
     <span class='ocr_line' id='line_1_109' title="bbox 381 5689 1956 5771; baseline 0.004 -27"><span class='ocrx_word' id='word_1_861' title='bbox 381 5713 405 5739; x_wconf 70' lang='grc' dir='ltr'>(ι</span> <span class='ocrx_word' id='word_1_862' title='bbox 443 5692 514 5746; x_wconf 66' lang='lat'><strong>0’)</strong></span> <span class='ocrx_word' id='word_1_863' title='bbox 556 5690 750 5757; x_wconf 77' lang='grc' dir='ltr'>Μωσῆς</span> <span class='ocrx_word' id='word_1_864' title='bbox 781 5689 1005 5748; x_wconf 81' lang='grc' dir='ltr'>δέδωκεν</span> <span class='ocrx_word' id='word_1_865' title='bbox 1030 5692 1158 5766; x_wconf 73' lang='grc' dir='ltr'>ὑμῖν</span> <span class='ocrx_word' id='word_1_866' title='bbox 1185 5693 1277 5748; x_wconf 78' lang='grc' dir='ltr'><strong>τὸν</strong></span> <span class='ocrx_word' id='word_1_867' title='bbox 1309 5691 1470 5766; x_wconf 79' lang='grc' dir='ltr'>νόμον</span> <span class='ocrx_word' id='word_1_868' title='bbox 1498 5713 1520 5771; x_wconf 83' lang='grc'><em>;</em></span> <span class='ocrx_word' id='word_1_869' title='bbox 1574 5698 1669 5755; x_wconf 78' lang='grc' dir='ltr'><strong>Καὶ</strong></span> <span class='ocrx_word' id='word_1_870' title='bbox 1701 5692 1872 5754; x_wconf 75' lang='grc' dir='ltr'>οὗδείς</span> <span class='ocrx_word' id='word_1_871' title='bbox 1902 5691 1956 5756; x_wconf 65' lang='grc' dir='ltr'><strong>ἒξ</strong></span> 
     </span>
    </p>
   </div>
   <div class='ocr_carea' id='block_1_109' title="bbox 306 4976 458 5049">
    <p class='ocr_par' dir='ltr' id='par_1_109' title="bbox 306 4976 458 5049">
     <span class='ocr_line' id='line_1_110' title="bbox 306 4976 458 5049; baseline -0.013 -18"><span class='ocrx_word' id='word_1_872' title='bbox 306 4976 458 5049; x_wconf 76' lang='grc' dir='ltr'>φύσιν</span> 
     </span>
    </p>
   </div>
   <div class='ocr_carea' id='block_1_110' title="bbox 2033 4616 3682 4697">
    <p class='ocr_par' dir='ltr' id='par_1_110' title="bbox 2033 4616 3682 4697">
     <span class='ocr_line' id='line_1_111' title="bbox 2033 4616 3682 4697; baseline -0.002 -16"><span class='ocrx_word' id='word_1_873' title='bbox 2033 4628 2125 4682; x_wconf 87' lang='lat' dir='ltr'><strong>est</strong></span> <span class='ocrx_word' id='word_1_874' title='bbox 2143 4626 2201 4680; x_wconf 93' lang='lat' dir='ltr'><strong>et</strong></span> <span class='ocrx_word' id='word_1_875' title='bbox 2220 4619 2439 4697; x_wconf 88' lang='lat' dir='ltr'><strong>justus.</strong></span> <span class='ocrx_word' id='word_1_876' title='bbox 2464 4619 2632 4695; x_wconf 73' lang='lat' dir='ltr'><strong>Saepe</strong></span> <span class='ocrx_word' id='word_1_877' title='bbox 2660 4624 2858 4677; x_wconf 87' lang='lat' dir='ltr'><strong>autem</strong></span> <span class='ocrx_word' id='word_1_878' title='bbox 2891 4616 3234 4689; x_wconf 76' lang='lat' dir='ltr'><strong>diximus,et</strong></span> <span class='ocrx_word' id='word_1_879' title='bbox 3260 4634 3416 4678; x_wconf 87' lang='lat' dir='ltr'><strong>nunc</strong></span> <span class='ocrx_word' id='word_1_880' title='bbox 3438 4635 3682 4696; x_wconf 84' lang='lat' dir='ltr'><strong>quoque</strong></span> 
     </span>
    </p>
   </div>
   <div class='ocr_carea' id='block_1_111' title="bbox 2034 4705 3684 4786">
    <p class='ocr_par' dir='ltr' id='par_1_111' title="bbox 2034 4705 3684 4786">
     <span class='ocr_line' id='line_1_112' title="bbox 2034 4705 3684 4786; baseline -0.002 -18"><span class='ocrx_word' id='word_1_881' title='bbox 2034 4707 2309 4785; x_wconf 87' lang='lat' dir='ltr'><strong>dicimus,</strong></span> <span class='ocrx_word' id='word_1_882' title='bbox 2358 4706 2499 4765; x_wconf 70' lang='grc'><strong>1306</strong></span> <span class='ocrx_word' id='word_1_883' title='bbox 2557 4705 2711 4786; x_wconf 89' lang='lat' dir='ltr'><strong>quod</strong></span> <span class='ocrx_word' id='word_1_884' title='bbox 2782 4706 3016 4785; x_wconf 88' lang='lat' dir='ltr'><strong>quando</strong></span> <span class='ocrx_word' id='word_1_885' title='bbox 3092 4705 3380 4768; x_wconf 91' lang='lat' dir='ltr'><strong>Dominus</strong></span> <span class='ocrx_word' id='word_1_886' title='bbox 3437 4705 3684 4775; x_wconf 84' lang='lat' dir='ltr'><strong>humilia</strong></span> 
     </span>
    </p>
   </div>
   <div class='ocr_carea' id='block_1_112' title="bbox 2032 4794 3677 4877">
    <p class='ocr_par' dir='ltr' id='par_1_112' title="bbox 2032 4794 3677 4877">
     <span class='ocr_line' id='line_1_113' title="bbox 2032 4794 3677 4877; baseline -0.002 -20"><span class='ocrx_word' id='word_1_887' title='bbox 2032 4796 2298 4877; x_wconf 65' lang='lat' dir='ltr'><strong>quaedam</strong></span> <span class='ocrx_word' id='word_1_888' title='bbox 2332 4795 2535 4859; x_wconf 87' lang='lat' dir='ltr'><strong>dicere</strong></span> <span class='ocrx_word' id='word_1_889' title='bbox 2558 4794 2935 4867; x_wconf 86' lang='lat' dir='ltr'><strong>videtur,non</strong></span> <span class='ocrx_word' id='word_1_890' title='bbox 2969 4794 3416 4856; x_wconf 78' lang='lat' dir='ltr'><strong>existimandum</strong></span> <span class='ocrx_word' id='word_1_891' title='bbox 3444 4794 3566 4855; x_wconf 78' lang='lat' dir='ltr'><strong>haec</strong></span> <span class='ocrx_word' id='word_1_892' title='bbox 3600 4794 3677 4854; x_wconf 89' lang='lat' dir='ltr'><strong>il-</strong></span> 
     </span>
    </p>
   </div>
   <div class='ocr_carea' id='block_1_113' title="bbox 2033 4883 3685 4965">
    <p class='ocr_par' dir='ltr' id='par_1_113' title="bbox 2033 4883 3685 4965">
     <span class='ocr_line' id='line_1_114' title="bbox 2033 4883 3685 4965; baseline -0.002 -16"><span class='ocrx_word' id='word_1_893' title='bbox 2033 4888 2153 4949; x_wconf 87' lang='lat' dir='ltr'><strong>lum</strong></span> <span class='ocrx_word' id='word_1_894' title='bbox 2184 4885 2387 4953; x_wconf 83' lang='lat' dir='ltr'><strong>dicere</strong></span> <span class='ocrx_word' id='word_1_895' title='bbox 2412 4886 2566 4965; x_wconf 87' lang='lat' dir='ltr'><strong>quod</strong></span> <span class='ocrx_word' id='word_1_896' title='bbox 2604 4898 2808 4945; x_wconf 84' lang='lat' dir='ltr'><strong>natura</strong></span> <span class='ocrx_word' id='word_1_897' title='bbox 2871 4885 3063 4945; x_wconf 90' lang='lat' dir='ltr'><strong>minor</strong></span> <span class='ocrx_word' id='word_1_898' title='bbox 3102 4886 3178 4945; x_wconf 85' lang='lat' dir='ltr'><strong>sit</strong></span> <span class='ocrx_word' id='word_1_899' title='bbox 3231 4886 3425 4948; x_wconf 80' lang='lat' dir='ltr'><strong>Patre.</strong></span> <span class='ocrx_word' id='word_1_900' title='bbox 3470 4883 3572 4945; x_wconf 88' lang='lat' dir='ltr'><strong>sed</strong></span> <span class='ocrx_word' id='word_1_901' title='bbox 3608 4902 3685 4946; x_wconf 86' lang='lat' dir='ltr'><strong>ne</strong></span> 
     </span>
    </p>
   </div>
   <div class='ocr_carea' id='block_1_114' title="bbox 2034 4972 3681 5052">
    <p class='ocr_par' dir='ltr' id='par_1_114' title="bbox 2034 4972 3681 5052">
     <span class='ocr_line' id='line_1_115' title="bbox 2034 4972 3681 5052; baseline -0.004 -14"><span class='ocrx_word' id='word_1_902' title='bbox 2034 4975 2322 5038; x_wconf 85' lang='lat' dir='ltr'><strong>habeatur</strong></span> <span class='ocrx_word' id='word_1_903' title='bbox 2352 4974 2723 5034; x_wconf 80' lang='lat' dir='ltr'><strong>adversarius</strong></span> <span class='ocrx_word' id='word_1_904' title='bbox 2777 4977 2923 5043; x_wconf 72' lang='lat' dir='ltr'><strong>Deo,</strong></span> <span class='ocrx_word' id='word_1_905' title='bbox 2960 4982 3019 5035; x_wconf 91' lang='lat' dir='ltr'><strong>et</strong></span> <span class='ocrx_word' id='word_1_906' title='bbox 3062 4985 3303 5052; x_wconf 78' lang='lat' dir='ltr'><strong>propter</strong></span> <span class='ocrx_word' id='word_1_907' title='bbox 3349 4972 3681 5033; x_wconf 86' lang='lat' dir='ltr'><strong>auditorum</strong></span> 
     </span>
    </p>
   </div>
   <div class='ocr_carea' id='block_1_115' title="bbox 2032 5060 3684 5143">
    <p class='ocr_par' dir='ltr' id='par_1_115' title="bbox 2032 5060 3684 5143">
     <span class='ocr_line' id='line_1_116' title="bbox 2032 5060 3684 5143; baseline -0.003 -16"><span class='ocrx_word' id='word_1_908' title='bbox 2032 5062 2525 5142; x_wconf 48' lang='lat' dir='ltr'><strong>imbecillitatem,</strong></span> <span class='ocrx_word' id='word_1_909' title='bbox 2563 5072 2619 5123; x_wconf 91' lang='lat' dir='ltr'><strong>et</strong></span> <span class='ocrx_word' id='word_1_910' title='bbox 2654 5072 2967 5143; x_wconf 84' lang='lat' dir='ltr'><strong>propterea</strong></span> <span class='ocrx_word' id='word_1_911' title='bbox 2996 5062 3153 5142; x_wconf 90' lang='lat' dir='ltr'><strong>quod</strong></span> <span class='ocrx_word' id='word_1_912' title='bbox 3201 5080 3379 5123; x_wconf 89' lang='lat' dir='ltr'><strong>carne</strong></span> <span class='ocrx_word' id='word_1_913' title='bbox 3427 5060 3684 5133; x_wconf 73' lang='lat' dir='ltr'><strong>amictus</strong></span> 
     </span>
    </p>
   </div>
   <div class='ocr_carea' id='block_1_116' title="bbox 2035 5150 3683 5230">
    <p class='ocr_par' dir='ltr' id='par_1_116' title="bbox 2035 5150 3683 5230">
     <span class='ocr_line' id='line_1_117' title="bbox 2035 5150 3683 5230; baseline -0.003 -16"><span class='ocrx_word' id='word_1_914' title='bbox 2035 5155 2130 5229; x_wconf 89' lang='lat' dir='ltr'><strong>sit,</strong></span> <span class='ocrx_word' id='word_1_915' title='bbox 2167 5160 2343 5230; x_wconf 84' lang='lat' dir='ltr'><strong>utque</strong></span> <span class='ocrx_word' id='word_1_916' title='bbox 2376 5171 2482 5212; x_wconf 92' lang='lat' dir='ltr'><strong>nos</strong></span> <span class='ocrx_word' id='word_1_917' title='bbox 2535 5152 2744 5214; x_wconf 81' lang='lat' dir='ltr'><strong>doceat</strong></span> <span class='ocrx_word' id='word_1_918' title='bbox 2775 5152 3074 5212; x_wconf 88' lang='lat' dir='ltr'><strong>modestos</strong></span> <span class='ocrx_word' id='word_1_919' title='bbox 3094 5169 3247 5225; x_wconf 86' lang='lat' dir='ltr'><strong>esse,</strong></span> <span class='ocrx_word' id='word_1_920' title='bbox 3281 5159 3339 5211; x_wconf 90' lang='lat' dir='ltr'><strong>et</strong></span> <span class='ocrx_word' id='word_1_921' title='bbox 3372 5150 3518 5210; x_wconf 90' lang='lat' dir='ltr'><strong>nihil</strong></span> <span class='ocrx_word' id='word_1_922' title='bbox 3555 5169 3683 5216; x_wconf 85' lang='lat' dir='ltr'><strong>ma-</strong></span> 
     </span>
    </p>
   </div>
   <div class='ocr_carea' id='block_1_117' title="bbox 2032 5238 3681 5321">
    <p class='ocr_par' dir='ltr' id='par_1_117' title="bbox 2032 5238 3681 5321">
     <span class='ocr_line' id='line_1_118' title="bbox 2032 5238 3681 5321; baseline -0.004 -16"><span class='ocrx_word' id='word_1_923' title='bbox 2032 5260 2208 5321; x_wconf 84' lang='lat' dir='ltr'><strong>gnum</strong></span> <span class='ocrx_word' id='word_1_924' title='bbox 2244 5241 2319 5300; x_wconf 89' lang='lat' dir='ltr'><strong>de</strong></span> <span class='ocrx_word' id='word_1_925' title='bbox 2349 5239 2522 5300; x_wconf 88' lang='lat' dir='ltr'><strong>nobis</strong></span> <span class='ocrx_word' id='word_1_926' title='bbox 2552 5239 2696 5318; x_wconf 87' lang='lat' dir='ltr'><strong>ipsis</strong></span> <span class='ocrx_word' id='word_1_927' title='bbox 2724 5238 2947 5301; x_wconf 84' lang='lat' dir='ltr'><strong>dicere.</strong></span> <span class='ocrx_word' id='word_1_928' title='bbox 2981 5238 3227 5311; x_wconf 82' lang='lat' dir='ltr'><strong>Quando</strong></span> <span class='ocrx_word' id='word_1_929' title='bbox 3259 5248 3455 5299; x_wconf 87' lang='lat' dir='ltr'><strong>autem</strong></span> <span class='ocrx_word' id='word_1_930' title='bbox 3487 5238 3681 5309; x_wconf 82' lang='lat' dir='ltr'><strong>subli-</strong></span> 
     </span>
    </p>
   </div>
   <div class='ocr_carea' id='block_1_118' title="bbox 2035 5328 3682 5408">
    <p class='ocr_par' dir='ltr' id='par_1_118' title="bbox 2035 5328 3682 5408">
     <span class='ocr_line' id='line_1_119' title="bbox 2035 5328 3682 5408; baseline -0.003 -15"><span class='ocrx_word' id='word_1_931' title='bbox 2035 5332 2153 5399; x_wconf 80' lang='lat' dir='ltr'><strong>mia</strong></span> <span class='ocrx_word' id='word_1_932' title='bbox 2182 5338 2240 5390; x_wconf 87' lang='lat' dir='ltr'><strong>et</strong></span> <span class='ocrx_word' id='word_1_933' title='bbox 2268 5328 2341 5387; x_wconf 89' lang='lat' dir='ltr'><strong>de</strong></span> <span class='ocrx_word' id='word_1_934' title='bbox 2371 5346 2479 5389; x_wconf 91' lang='lat' dir='ltr'><strong>sua</strong></span> <span class='ocrx_word' id='word_1_935' title='bbox 2510 5329 2705 5389; x_wconf 83' lang='lat' dir='ltr'><strong>divina</strong></span> <span class='ocrx_word' id='word_1_936' title='bbox 2734 5329 2920 5407; x_wconf 83' lang='lat' dir='ltr'><strong>gloria</strong></span> <span class='ocrx_word' id='word_1_937' title='bbox 2950 5329 3236 5408; x_wconf 85' lang='lat' dir='ltr'><strong>loquitur,</strong></span> <span class='ocrx_word' id='word_1_938' title='bbox 3270 5335 3503 5407; x_wconf 82' lang='lat' dir='ltr'><strong>Oportet</strong></span> <span class='ocrx_word' id='word_1_939' title='bbox 3546 5346 3682 5388; x_wconf 87' lang='lat' dir='ltr'><strong>cre-</strong></span> 
     </span>
    </p>
   </div>
   <div class='ocr_carea' id='block_1_119' title="bbox 2036 5416 3684 5498">
    <p class='ocr_par' dir='ltr' id='par_1_119' title="bbox 2036 5416 3684 5498">
     <span class='ocr_line' id='line_1_120' title="bbox 2036 5416 3684 5498; baseline -0.005 -17"><span class='ocrx_word' id='word_1_940' title='bbox 2036 5419 2180 5487; x_wconf 86' lang='lat' dir='ltr'><strong>dere</strong></span> <span class='ocrx_word' id='word_1_941' title='bbox 2215 5437 2321 5479; x_wconf 86' lang='lat' dir='ltr'><strong>nos</strong></span> <span class='ocrx_word' id='word_1_942' title='bbox 2344 5419 2500 5498; x_wconf 82' lang='lat' dir='ltr'><strong>quod</strong></span> <span class='ocrx_word' id='word_1_943' title='bbox 2529 5418 2772 5495; x_wconf 79' lang='lat' dir='ltr'><strong>grandia</strong></span> <span class='ocrx_word' id='word_1_944' title='bbox 2799 5418 2926 5479; x_wconf 82' lang='lat' dir='ltr'><strong>haec</strong></span> <span class='ocrx_word' id='word_1_945' title='bbox 2957 5426 3019 5477; x_wconf 90' lang='lat' dir='ltr'><strong>ut</strong></span> <span class='ocrx_word' id='word_1_946' title='bbox 3047 5416 3288 5497; x_wconf 77' lang='lat' dir='ltr'><strong>:equalis</strong></span> <span class='ocrx_word' id='word_1_947' title='bbox 3311 5416 3464 5478; x_wconf 74' lang='lat' dir='ltr'><strong>Patri</strong></span> <span class='ocrx_word' id='word_1_948' title='bbox 3487 5417 3684 5495; x_wconf 57' lang='lat' dir='ltr'><strong>loqua-</strong></span> 
     </span>
    </p>
   </div>
   <div class='ocr_carea' id='block_1_120' title="bbox 2037 5507 3359 5587">
    <p class='ocr_par' dir='ltr' id='par_1_120' title="bbox 2037 5507 3359 5587">
     <span class='ocr_line' id='line_1_121' title="bbox 2037 5507 3359 5587; baseline -0.008 -16"><span class='ocrx_word' id='word_1_949' title='bbox 2037 5518 2152 5575; x_wconf 84' lang='lat' dir='ltr'><strong>tur.</strong></span> <span class='ocrx_word' id='word_1_950' title='bbox 2191 5514 2433 5587; x_wconf 89' lang='lat' dir='ltr'><strong>propter</strong></span> <span class='ocrx_word' id='word_1_951' title='bbox 2467 5507 2932 5585; x_wconf 78' lang='lat' dir='ltr'><strong>magnitudinem</strong></span> <span class='ocrx_word' id='word_1_952' title='bbox 2969 5524 3089 5567; x_wconf 67' lang='lat' dir='ltr'><strong>sua:</strong></span> <span class='ocrx_word' id='word_1_953' title='bbox 3120 5514 3359 5568; x_wconf 78' lang='lat' dir='ltr'><strong>naturae.</strong></span> 
     </span>
    </p>
   </div>
   <div class='ocr_carea' id='block_1_121' title="bbox 2122 5673 3691 5753">
    <p class='ocr_par' dir='ltr' id='par_1_121' title="bbox 2122 5673 3691 5753">
     <span class='ocr_line' id='line_1_122' title="bbox 2122 5673 3691 5753; baseline 0.001 -18"><span class='ocrx_word' id='word_1_954' title='bbox 2122 5680 2301 5740; x_wconf 61' lang='grc' dir='ltr'>νεεδ.</span> <span class='ocrx_word' id='word_1_955' title='bbox 2346 5674 2544 5745; x_wconf 71' lang='lat'><strong>19,?0.</strong></span> <span class='ocrx_word' id='word_1_956' title='bbox 2583 5677 2826 5737; x_wconf 53' lang='lat' dir='ltr'><strong>«Nonne</strong></span> <span class='ocrx_word' id='word_1_957' title='bbox 2858 5677 3048 5739; x_wconf 69' lang='lat' dir='ltr'><strong>Moses</strong></span> <span class='ocrx_word' id='word_1_958' title='bbox 3080 5675 3244 5737; x_wconf 70' lang='lat' dir='ltr'><strong>dedit</strong></span> <span class='ocrx_word' id='word_1_959' title='bbox 3274 5674 3438 5735; x_wconf 86' lang='lat' dir='ltr'><strong>vobis</strong></span> <span class='ocrx_word' id='word_1_960' title='bbox 3459 5673 3691 5753; x_wconf 74' lang='lat' dir='ltr'><strong>legem?</strong></span> 
     </span>
    </p>
   </div>
  </div>
