4116 6318
300 449 448 513 l3“

1026 450 1122 513 EN
1129 447 1464 513 ARRATIO
1526 451 1603 513 ΙΝ
1650 449 1953 514 EVANGE

2039 449 2161 509 TUM
2203 443 2541 511 JOANNIS.
2596 479 2659 488 —-
2716 446 2879 508 CAP.
2930 442 3064 505 VII.

3527 433 3671 497 1342

292 583 503 664 ἡμέραν
557 588 656 650 τῆς
727 583 913 659 ἑορτῆς
944 582 1034 637 καὶ
1063 581 1159 649 τὴν
1189 581 1453 662 ἐσχάτην,
1496 581 1620 650 ἢτοι
1648 583 1749 651 τὴν
1788 580 1947 639 ἑϐδό-

2039 577 2663 659 septimum,magnum
2681 575 2964 639 dicebant
2982 594 2996 637 :
3019 571 3156 664 quia
3168 579 3227 633 et
3238 570 3334 664 les
3345 566 3670 664 septimum

296 696 436 747 μην,
485 670 725 751 μεγάλην
771 669 1069 746 ὠνόμαζον,
1102 669 1215 727 ὶπεὶ
1257 672 1345 727 καὶ
1399 673 1428 727 ὁ
1469 671 1631 747 νόμος
1663 672 1761 738 τὴν
1790 670 1946 729 ἑϐδό-

300 785 416 837 μην
482 760 685 839 ἡμέραν
740 765 839 827 τῆς
897 761 1111 838 ἑορτῆς,
1184 758 1391 827 κλητὴν
1463 761 1615 838 ἁγίαν
1701 760 1943 824 ἐκάλεσε,

302 852 487 924 Τούτῳ
542 856 665 927 γοῦν
716 849 972 925 ἑπόμενος
1004 849 1090 904 καὶ
1133 850 1161 904 ὁ
1192 846 1596 927 εῦαγγελιστὴς,
1648 850 1748 917 τὴν
1773 849 1945 930 ἐσχάο

297 962 404 1005 την
458 938 683 1017 ἡμέραν,
740 936 983 1015 μεγάλην
1047 938 1317 1012 ὀνομάζει.
1387 935 1615 1001 Εἰκότως
1661 938 1749 994 οὖν
1778 942 1835 995 ἓν
1881 944 1948 1014 τῇ

298 1027 514 1107 ὶσχάτῃ
568 1025 741 1104 ἡμέρᾳ
795 1024 1093 1105 διαλέγεται
1124 1040 1243 1089 τοῖς
1288 1024 1501 1106 ὄχλοις,
1548 1025 1731 1106 ἐφόδια
1787 1020 1948 1083 οἱονεί

297 1139 421 1174 τινα
474 1113 641 1179 διδοὺς
697 1118 878 1176 αύτοϊς
961 1113 1242 1190 μέλλουσιν
1299 1115 1515 1172 ἀπιέναι
1562 1114 1768 1175 οἴκαδε.
1843 1117 1946 1181 Τὰς

301 1208 404 1285 γὰρ
462 1206 515 1262 έν
584 1211 661 1277 τῷ
716 1203 861 1276 μέσῳ
930 1202 1131 1281 ἡμέρας
1191 1204 1265 1267 είς
1360 1209 1563 1284 τρυφὴν
1625 1204 1946 1283 ἀνειμένοις,

300 1292 518 1373 ἄκαιρον
572 1294 637 1360 ἦν
708 1290 1201 1369 προσδιαλέγεσθαι·
1252 1290 1492 1371 οὐδὲγὰρ
1520 1306 1817 1373 προσεῖχον
1861 1292 1946 1356 ἄν,

298 1382 541 1462 ’Ἐκραζε
594 1380 650 1437 δὲ
723 1383 750 1438 ὁ
812 1379 1039 1453 Ἰησοῦς,
1072 1379 1185 1455 ἅμα
1240 1381 1337 1454 μὲν
1360 1379 1454 1436 ἵνα
1481 1380 1797 1446 ὶξάκοοστος
1828 1380 1943 1448 εἴη,

300 1473 415 1547 ἅμα
468 1470 524 1528 δὲ
578 1470 675 1537 την
756 1468 1048 1547 παῤῥησίαν
1124 1467 1396 1539 δεικνύων,
1453 1471 1542 1526 καὶ
1634 1472 1708 1534 ὡς
1768 1468 1949 1529 οῶένα

301 1575 574 1623 πτοετται,
633 1560 693 1618 Τί
760 1557 850 1615 οὗν
924 1576 1138 1638 φησιν;
1185 1579 1209 1613 σι
1251 1549 1307 1615 Ὀ
1357 1559 1618 1615 πιστεύων
1693 1560 1767 1622 εἷς
1825 1558 1945 1635 ἐμὲ,

303 1651 476 1711 καθὼς
507 1649 663 1705 εἶπεν
692 1650 726 1716 ἡ
761 1648 960 1727 Γριφη·
1015 1673 1042 1703 ι
1092 1646 1309 1703 ἐνταῦθα
1337 1649 1438 1725 γὰρ
1482 1645 1566 1703 δεῖ
1596 1644 1784 1727 στίξαι,
1823 1647 1946 1703 εἶτα

305 1737 399 1795 ἄπ’
457 1736 625 1806 ἂλλης
686 1737 862 1816 ἀρχῆς
931 1735 1295 1814 ἀναγνωστέον
1353 1738 1439 1809 τὸ,
1492 1758 1520 1789 ι
1559 1739 1796 1812 Ποταμοὶ
1825 1737 1947 1813 ῥεύ-

304 1849 482 1885 σουσιν
552 1835 610 1882 ἑ(
677 1830 776 1891 τῆς
832 1824 1033 1887 κοιλίας
1096 1824 1274 1883 αῦτοῦ.
1356 1847 1379 1881 ι
1416 1825 1566 1882 Ἐπεὶ
1628 1828 1728 1904 γὰρ
1756 1824 1946 1883 πολλοὶ

2029 655 2189 731 diem
2206 667 2340 731 festi
2352 655 2621 732 vocatum
2634 674 2925 740 ,sanctnm
2951 660 3299 726 nominavit.
3312 658 3479 723 lllam
3496 655 3677 732 igitur

2030 775 2290 839 sequens
2300 776 2361 820 et
2371 756 2676 838 angelista,
2689 753 3072 817 novissimum
3088 752 3245 839 diem
3265 765 3541 839 magnum
3559 766 3672 806 no-

2032 835 2296 908 minatﬁl.
2308 835 2512 908 Merito
2527 852 2725 907 autem
2740 843 2801 905 in
2815 839 3136 903 novissimo
3153 838 3252 900 die
3268 835 3528 917 loquitur
3539 854 3671 896 cum

2032 933 2418 1015 turbis,quasi
2433 934 2646 997 viatica
2664 932 2784 995 illis
2795 932 2943 993 dans
2958 930 3198 991 domum
3217 924 3672 1015 redituris.Cum

2031 1024 2125 1085 his
2152 1012 2337 1104 enim,
2361 1023 2461 1105 qui
2493 1024 2552 1084 in
2582 1022 2796 1084 diebus
2824 1016 3206 1081 intermediis
3225 1012 3463 1105 deliciis
3510 1020 3680 1105 erant

2029 1113 2266 1188 intenti,
2297 1100 2781 1190 intempestivum
2814 1116 2944 1172 erat
2982 1104 3262 1187 colloqui,
3296 1121 3490 1183 neque
3514 1100 3673 1190 enim
3706 1131 3713 1137 -

2028 1188 2737 1264 attendissent.Clamavit
2766 1208 2961 1261 autem
2980 1195 3158 1259 Jesus
3176 1193 3383 1275 partim
3409 1200 3474 1254 ut
3495 1188 3681 1267 magis

2031 1290 2367 1365 audiretur,
2406 1310 2497 1371 pan
2515 1289 2619 1351 tim
2653 1301 2716 1350 ut
2761 1289 3095 1349 libertatem
3129 1302 3296 1345 suam
3320 1278 3680 1371 indicendo

2032 1369 2529 1452 manifestaret,et
2551 1378 2707 1458 quod
2729 1377 2956 1439 nullum
2982 1380 3273 1435 metueret
3302 1369 3454 1444 Quid
3480 1377 3675 1430 autem

2031 1468 2225 1532 dicit?
2258 1489 2285 1528 α
2316 1467 2428 1541 Qui
2461 1468 2653 1530 credit
2682 1468 2743 1528 in
2774 1485 2893 1545 me,
2919 1466 3071 1526 sicut
3092 1460 3238 1524 dicit
3261 1458 3606 1539 Scriptura;
3646 1477 3675 1515 ι

2031 1556 2146 1618 hoc
2165 1558 2328 1620 enim
2354 1560 2480 1619 loco
2500 1563 2781 1636 punctum
2805 1562 3037 1635 oportet
3053 1546 3502 1612 facere.deinde
3516 1546 3676 1607 aliud

2030 1646 2365 1708 faciendum
2422 1654 2512 1707 est
2556 1644 2954 1725 principium:
3014 1666 3039 1695 ι
3078 1636 3356 1702 Flumina
3396 1637 3579 1697 ﬂuent
3607 1653 3675 1696 ex

2030 1743 2241 1797 ventre
2261 1737 2453 1815 ejus.»
2493 1734 2642 1808 Quia
2673 1733 2831 1795 enim
2867 1730 3036 1793 multi
3078 1736 3319 1811 propter
3348 1726 3518 1805 signa
3537 1743 3674 1815 cre-

2032 1823 2270 1899 debant,
2296 1812 2558 1886 ostendit
2583 1841 2698 1884 non
2725 1831 2840 1884 tam
2867 1818 3287 1901 proptersigna
3306 1812 3673 1878 credendum

304 1917 409 1972 ἀπὸ
461 1921 566 1971 τῶν
620 1914 858 1989 σημείων
914 1914 1208 1987 ἐπίστευον,
1284 1912 1482 1979 δεικνὺς
1553 1912 1635 1971 ὅτι
1681 1918 1776 1973 οῦκ
1841 1914 1948 1970 ἀπὸ

2039 1930 2371 1994 esse,quam
2399 1923 2637 1994 propter
2658 1907 3230 1991 Scripturam.Fides
3242 1906 3401 1996 enim
3427 1914 3588 1996 recta
3608 1920 3676 1996 ex

305 2006 413 2062 τῶν
484 2003 719 2077 σημείων
774 2001 857 2058 δεῖ
912 2004 1174 2059 πιστεύειν
1218 2001 1385 2066 οὕτως
1413 2005 1488 2067 ὡς
1518 2004 1625 2060 ἀπὸ
1670 2010 1776 2060 τῶν
1810 2010 1947 2083 Γρα-

305 2100 419 2174 φῶν
478 2091 536 2173 (ἓ,
592 2092 691 2171 γὰρ
759 2089 1099 2169 διωρθωμένη
1157 2092 1330 2174 πίστις
1401 2092 1507 2149 ἀπὸ
1577 2094 1686 2149 τῶν
1730 2098 1947 2172 Γραφῶν

307 2182 465 2256 ἐστι),
523 2181 707 2237 τούτου
756 2179 929 2237 ἕνεκέν
966 2254 971 2257 _
1003 2202 1184 2261 φησιν·
1228 2204 1255 2235 α
1288 2172 1346 2239 Ὀ
1419 2184 1679 2239 πιστεύων
1710 2184 1780 2247 εἷς
1823 2180 1943 2260 ἐμὲ,

305 2272 482 2335 καθὼς
523 2270 692 2326 ἐἶπεν
760 2271 795 2337 ἡ
849 2270 1051 2349 Γραφη’
1123 2294 1145 2327 ιι
1206 2270 1463 2342 τουτέστι,
1502 2270 1642 2327 Καθᾶ
1692 2283 1945 2349 μαρτυρεῖ

306 2362 342 2428 ἡ
400 2360 581 2440 Γραφὴ
659 2360 774 2436 περὶ
806 2358 955 2433 ἐμοῦ,
987 2358 1066 2414 ὅτι
1100 2360 1218 2423 Υἱός
1252 2360 1357 2433 εἶμι
1389 2365 1542 2431 Θεοῦ,
1574 2358 1661 2415 ὅτι
1694 2360 1945 2438 Κτίστης,

308 2448 390 2505 ὅτι
424 2449 608 2527 Κύριος
679 2457 771 2507 τοῦ
799 2450 1015 2516 παντὸς,
1049 2446 1129 2503 ὅτι
1173 2447 1365 2525 Σωτὴρ
1407 2453 1498 2503 τοῦ
1527 2468 1752 2522 κοσμου,
1800 2446 1945 2504 Πολ-

309 2536 392 2593 λοὶ
448 2538 546 2615 γὰρ
601 2534 776 2601 ἔδοξαν
843 2537 1129 2607 πιστεύειν,
1226 2534 1345 2591 ἀλλ’
1418 2539 1519 2615 οὐχ
1578 2539 1649 2601 ὡς
1708 2537 1862 2607 εἶπεν
1915 2537 1950 2605 ἡ

311 2628 494 2706 Γραφὴ
547 2627 620 2689 ὡς
680 2622 735 2681 δὲ
804 2626 950 2683 αὐτοὶ
1018 2638 1139 2683 ταῖς
1192 2626 1362 2681 αὐτῶν
1418 2624 1676 2698 αἱρέσεσιν
1722 2623 1957 2692 ἠκολού-

312 2720 500 2782 θησαν·
562 2722 790 2772 τοιοῦτοι
860 2715 1052 2778 πάντες
1111 2716 1157 2771 οἱ
1214 2714 1487 2792 αἱρετικοί,
1562 2715 1841 2789 Ποταμούς
1900 2712 1955 2769 δὲ

312 2805 467 2861 εἶπεν
552 2804 612 2860 ἐκ
679 2808 776 2873 τῆς
829 2802 1031 2867 κοιλίας
1062 2812 1153 2861 τοῦ
1180 2802 1318 2859 οὕτω
1344 2804 1718 2867 πιστεύσαντος
1751 2804 1952 2881 ῥεῦσαι,

309 2891 515 2948 κοιλίαν
619 2893 718 2966 μὲν
793 2900 1054 2969 τροπικῶς
1167 2890 1439 2966 ὀνομάζων
1533 2894 1632 2958 τὴν
1716 2890 1951 2971 καρδίαν·

315 2984 388 3045 ὡς
446 2983 534 3037 καὶ
604 2983 632 3037 ὃ
693 2978 880 3036 Δαυ³ιδ’
956 3001 979 3035 (ι
1038 2982 1135 3038 Καὶ
1160 2980 1249 3036 τόν
1280 2983 1446 3055 νόμον
1477 3003 1568 3037 σου
1599 2981 1654 3036 ὲν
1685 2981 1832 3055 μέσω
1858 2981 1954 3048 τῆς

309 3069 516 3134 κοιλίας
576 3086 697 3145 μου⁶
766 3093 790 3126 ι
828 3069 1092 3149 τουτέστι,
1126 3074 1232 3135 Τῆς
1262 3067 1475 3147 καρδίας
1507 3091 1627 3142 μο).
1678 3071 1954 3145 Ποταμοὺς

309 3157 363 3214 δὲ
431 3161 610 3237 ῥεῦσαι
674 3156 799 3237 ἔφη,
831 3160 918 3214 καὶ
962 3158 1021 3215 ού
1072 3160 1334 3232 ποταμόν,
1365 3156 1550 3221 ὕδατος
1587 3165 1808 3230 ζῶντος,
1858 3160 1957 3225 τὴν

2032 1991 2355 2082 Scripturis
2385 1991 2684 2081 est—Ejus
2707 2000 2891 2080 gratia
2919 1997 3153 2077 inquit:
3196 2020 3216 2054 ι
3253 1994 3364 2067 Qui
3402 1991 3588 2082 credit
3620 1992 3675 2052 in

2034 2080 2306 2170 me,sicut
2334 2080 2640 2172 Scriptura
2662 2088 2825 2158 dicit.
2844 2115 2862 2143 ο
2895 2089 3009 2149 hoc
3026 2094 3135 2161 est,
3171 2080 3672 2172 quemadmodum

2031 2168 2274 2241 testatur
2295 2180 2371 2242 de
2390 2168 2488 2242 me
2507 2176 2991 2259 Scriptura,quod
3012 2176 3194 2238 Filius
3222 2193 3353 2235 sum
3380 2168 3672 2251 Dei,quod

2024 2269 2291 2349 Creator,
2310 2269 2465 2350 quod
2485 2268 2769 2331 Dominus
2785 2266 3046 2328 universi
3065 2261 3426 2336 (multienim
3452 2268 3657 2342 putant

2030 2376 2093 2418 se
2113 2358 2360 2419 credere
2389 2358 2494 2421 sed
2521 2377 2637 2419 non
2660 2355 2877 2418 utdicit
2897 2354 3220 2434 Scriptura,
3250 2362 3425 2431 atque
3442 2356 3521 2411 ita
3535 2368 3669 2411 suas

2033 2447 2221 2510 secuti
2253 2458 2392 2510 sunt
2426 2458 2639 2523 sectas,
2674 2448 2879 2528 quales
2908 2454 3051 2506 sunt
3097 2460 3310 2505 omnes
3362 2438 3674 2518 haeretici).

2035 2539 2110 2598 At
2131 2537 2376 2598 ﬂumina
2397 2536 2543 2599 dixit
2565 2555 2634 2599 ex
2687 2544 2889 2597 ventre
2912 2534 3045 2614 ejus
3068 2532 3167 2613 qui
3192 2548 3330 2593 vere
3352 2529 3544 2590 lidelis
3565 2537 3677 2601 est,

2037 2626 2244 2702 ﬂuere,
2266 2636 2530 2689 ventrem
2554 2625 2792 2707 quidem
2822 2642 2992 2687 «cor»
3032 2621 3346 2683 nominans
3368 2628 3535 2698 tropo
3552 2617 3675 2707 He-

2038 2714 2257 2785 braico,
2293 2716 2443 2775 sicut
2464 2723 2525 2777 et
2549 2706 2727 2777 David
2759 2714 2950 2793 inquit
2981 2730 2995 2774 :
3047 2736 3073 2766 α
3110 2709 3181 2772 Et
3209 2710 3400 2788 legem
3430 2716 3583 2769 tuam
3616 2706 3677 2767 in

2039 2802 2235 2864 medio
2254 2804 2479 2865 ventris
2501 2804 2619 2866 mei
2639 2803 2758 2883 65,»
2786 2803 2897 2864 hoc
2918 2798 3237 2876 est,cordis
3260 2795 3681 2860 mei.Flumina

2037 2898 2230 2953 autem
2255 2893 2443 2955 ﬂuere
2460 2882 2785 2964 dicebat,'et
2800 2911 2916 2953 non
2940 2891 3181 2952 ﬂumem
3200 2906 3367 2969 aquae
3384 2882 3679 2965 vivas,Spi-
3704 2918 3709 2921 ι

2040 2980 2187 3042 ritus
2220 2979 2532 3043 liberalem
2588 2981 2830 3059 gratiam
2881 2989 2939 3041 et
2969 2978 3299 3057 largitatem
3348 2975 3676 3038 insinuans.

2039 3067 2199 3130 Talis
2222 3069 2380 3131 enim
2406 3080 2495 3131 est
2518 3068 2794 3151 Spiritu-',
2818 3077 2883 3129 ut
2902 3068 2962 3130 in
2982 3084 3395 3148 quamcunque
3424 3063 3681 3125 animam

2040 3156 2424 3233 introierit,et
2458 3159 2516 3220 in
2549 3178 2664 3240 qua
2693 3155 3191 3231 resederit,faciat
3213 3155 3370 3215 illam
3392 3152 3683 3215 scaturire

308 3249 401 3305 τοῦ
458 3248 758 3321 Πνεύματος
831 3246 1052 3325 ἄφθονον
1124 3249 1281 3327 χάριν
1340 3249 1425 3304 καὶ
1514 3248 1613 3316 τὴν
1681 3246 1953 3324 δαψίλειαν

2039 3247 2247 3324 quovis
2268 3247 2429 3311 fonte
2451 3247 2798 3311 uberius.Et
2818 3247 3007 3309 discet
3028 3245 3161 3326 quis
3179 3243 3475 3325 quomodo
3498 3242 3684 3304 ﬂuant

310 3337 691 3412 αἰνιττόμενος.
739 3343 985 3393 Τοιοῦτον
1031 3337 1127 3414 γὰρ
1170 3337 1279 3392 ἐστι
1326 3338 1384 3393 τὸ
1414 3343 1648 3417 Πνεῦμα,
1710 3339 1781 3402 εἷς
1828 3337 1951 3394 ο¹ῗαν

309 3424 489 3503 ψυχὴν
546 3422 791 3497 εἰσέλθοι,
852 3426 939 3480 καὶ
996 3423 1048 3479 ἐν
1080 3428 1124 3498 ᾧ
1158 3423 1219 3479 ἂν
1261 3424 1544 3505 ἱδρυνθείη,
1578 3434 1762 3483 ποιοῦν
1789 3426 1950 3494 αύτὴν

309 3510 609 3583 ἀναϐλύζειν
666 3514 843 3579 πάσης
909 3518 1088 3590 πηγῆς
1191 3514 1574 3594 ἀφθονωτερον.
1640 3517 1736 3574 Καὶ
1796 3517 1951 3591 μάθοι

310 3601 367 3658 ἕν
423 3624 528 3675 τις,
599 3610 714 3666 πῶς
771 3605 1002 3677 ποταμοὶ
1070 3602 1335 3680 ῥεύσουσιν
1394 3602 1454 3661 ὶκ
1474 3604 1571 3671 τῆς
1602 3603 1804 3670 κοιλίας
1860 3613 1953 3662 τοῦ

312 3692 647 3756 πιστεύοντος
717 3692 852 3748 κατὰ
909 3693 1001 3757 τὰς
1058 3693 1285 3772 Γραφὰς,
1350 3694 1467 3771 εἴγε
1493 3716 1589 3760 την
1620 3702 1711 3752 τοῦ
1760 3695 1955 3772 Πέτρου

322 3778 584 3855 γλῶτταν,
632 3782 721 3836 καὶ
751 3781 849 3847 τὴν
881 3786 972 3855 τοῦ
998 3779 1205 3836 Παύλου
1234 3782 1427 3858 ῥύμην,
1475 3784 1561 3839 καὶ
1591 3784 1690 3849 την
1719 3786 1810 3838 τοῦ
1832 3784 2102 3861 Στεφάνου
2131 3785 2313 3862 σοφίαν
2343 3784 2739 3858 κατασκέψαιτο
2774 3800 2785 3813 '

2033 3336 2279 3398 ﬂumina
2303 3354 2371 3398 ex
2398 3346 2603 3399 ventre
2625 3336 2927 3399 credentis
2949 3334 3278 3397 secundum
3293 3332 3683 3412 Scripturam,

2034 3426 2344 3503 siquidem
2368 3426 2524 3489 Petri
2556 3427 2844 3506 linguam,
2880 3434 2936 3485 et
2963 3424 3125 3486 Pauli
3148 3423 3529 3501 impetum,et
3550 3423 3687 3482 Ste-

2036 3516 2212 3595 phani
2237 3516 2588 3596 Sapientiam
2622 3514 3048 3585 consideravit,
3076 3531 3224 3593 quos
3248 3511 3516 3572 dicentes
3536 3507 3684 3570 nihil

2037 3604 2267 3683 effugit,
2298 3606 2403 3666 sed
2435 3623 2645 3666 omnes
2668 3613 2996 3686 sequuntur
3034 3603 3174 3663 612
3199 3608 3475 3681 tanquam
3504 3616 3534 3659 a
3571 3598 3687 3659 ﬂu-

2042 3693 2303 3754 minibus
2334 3694 2685 3773 quibusdam
2719 3695 2941 3775 impetu
2970 3691 3286 3755 ruentibus
3313 3688 3487 3770 rapti.

2831 3786 2919 3848 οὒς
2957 3781 3101 3840 οὐδὲν
3130 3782 3380 3861 ὑφίστατο
3408 3778 3685 3861 λέγοντας,

318 3868 452 3924 ἀλλᾶ
483 3870 676 3931 πάντες
708 3864 1061 3948 παρεσύροντο
1092 3870 1165 3933 ὥς
1198 3892 1353 3927 τινων
1382 3876 1639 3947 ποταμῶν
1670 3872 1919 3948 ῥεύμασιν
1943 3872 2325 3935 ἀνυποστάτοις
2355 3874 2453 3940 τὴν
2483 3875 2667 3952 φοράν.

397 3980 423 4010 α
486 3963 649 4014 Τοῦτο
708 3955 761 4012 δὲ
820 3958 945 4014 εἶπε
974 3962 1091 4032 περὶ
1133 3966 1225 4014 τοῦ
1278 3961 1611 4035 Πνεύιιατος,
1647 3964 1707 4017 οῦ
1736 3958 1959 4034 ἔμελλον

312 4044 597 4121 λαμϐάνειν
680 4050 727 4102 οἱ
780 4048 1111 4111 πιστεύοντες
1173 4050 1246 4111 εἷς
1331 4051 1511 4107 αὒτόν.
1546 4049 1705 4107 Οὔπω
1748 4051 1848 4127 γὰρ
1891 4052 1960 4116 ἦν

320 4140 521 4208 Πνεῦμα
598 4134 765 4213 ἅγιον,
829 4134 908 4190 ὅτι
968 4134 1167 4201 Ἰησοῦς
1226 4135 1430 4193 οὐδέπω
1458 4136 1732 4204 ἐδοξάσθη.
1770 4159 1799 4197 ι
1839 4130 1951 4217 εΕρ-

312 4223 556 4298 μηνεύων
626 4225 655 4277 ὁ
684 4222 1064 4301 ιῦαγγελιστῆς
1102 4225 1230 4285 τίνες
1278 4228 1401 4281 εἰσὶν
1477 4227 1523 4281 οἱ
1581 4230 1813 4301 ποταμοὶ
1868 4228 1961 4284 τοῦ

311 4318 504 4381 ζῶντος
556 4309 766 4376 ὕδατος.
815 4314 993 4390 φησὶν,
1058 4312 1136 4368 ὅτι
1188 4337 1214 4367 ‹‹
1251 4317 1413 4371 T0510
1452 4313 1505 4369 δὲ
1536 4315 1662 4371 εἶπε
1705 4317 1823 4393 περὶ
1870 4325 1962 4374 τοῦ

2127 3958 2305 4022 Vens.
2329 3962 2430 4023 39.
2474 3961 2631 4024 «Hoc
2662 3971 2857 4023 autem
2893 3961 3039 4022 dixit
3068 3960 3142 4022 de
3161 3958 3380 4039 Spiritu
3403 3975 3579 4038 quem
3602 3976 3695 4024 ac-

2045 4049 2276 4127 cepturi
2308 4059 2482 4111 erant
2512 4052 2829 4112 credentes
2874 4052 2932 4112 in
2981 4052 3200 4129 ipsum.
3234 4046 3507 4111 Nondum
3533 4045 3690 4107 enim

2046 4146 2171 4198 erat
2193 4139 2449 4219 Spiritus
2470 4130 2876 4219 sanctus,qnia
2898 4141 3098 4202 .lesum
3122 4140 3386 4199 nondum
3408 4144 3538 4198 erat
3560 4136 3690 4214 glo—

2044 4227 2329 4289 riﬁcatus.
2370 4253 2393 4284 ιι
2431 4227 2835 4309 lnterpretans
2892 4228 3248 4306 evangelista
3281 4245 3414 4306 quae
3440 4225 3558 4286 sint
3590 4226 3695 4286 ﬂu-

2048 4315 2209 4377 mina
2241 4335 2409 4398 aqua;
2439 4316 2601 4390 vivae,
2636 4317 2774 4379 dicit
2810 4338 2822 4378 :
2866 4316 3025 4379 «Hoc
3045 4326 3239 4378 autem
3272 4315 3421 4375 dixit
3448 4314 3524 4375 de
3554 4312 3693 4388 St-i-

315 4402 633 4475 Πνεύματος,
696 4401 754 4457 οὗ
810 4400 1033 4473 ’ἔμελλον
1127 4400 1413 4475 λλμὸάνειν
1492 4406 1540 4459 οἱ
1601 4389 3693 4486 πίστεύοντες.υτίιυκιυεὶωοεῳιυήθτοηιοτεάεηιεεΑΝοηάωηεηίηι

314 4488 471 4547 Οἱίπω
541 4490 640 4568 γὰρ
710 4490 800 4563 ἦν,
834 4493 985 4567 φησὶ,
1024 4498 1232 4563 Πνεῦμα
1264 4489 1438 4569 ἅγιον.
1494 4514 1516 4546 υ
1562 4491 1712 4548 Ἀλλ’
1744 4493 1960 4550 ἐνταῦθα

306 4578 589 4647 ’ζητήσειεν
646 4575 706 4633 ἂν
767 4595 869 4640 τις·
931 4585 1049 4640 Πῶς
1116 4602 1275 4654 φησιν
1334 4583 1362 4636 ὁ
1422 4579 1827 4659 εὐαγγελιστής,
1878 4581 1960 4638 ὅτι

316 4663 458 4721 οὔπω
507 4667 573 4731 ἦν
640 4671 853 4740 Πνεῦμα
907 4666 1079 4745 ἅγιον,
1116 4667 1257 4725 δοθὲν
1303 4666 1598 4749 δηλονότι,
1634 4671 1722 4725 καί
1774 4672 1881 4741 μὴν
1917 4673 1961 4727 οἱ

314 4758 581 4833 προφῆται
639 4754 898 4827 Πνεύματι
929 4755 1146 4811 ελάλουν
1182 4776 1197 4835 ;
1237 4759 1331 4815 Καὶ
1362 4759 1409 4813 οἱ
1443 4757 1729 4815 ἆποστολοι
1763 4757 1818 4816 δὲ
1846 4769 1962 4823 πῶς

314 4841 410 4917 ἄρα
437 4841 532 4904 τὰς
580 4841 747 4905 licet;
779 4841 991 4899 ἐτέλουν
1024 4863 1039 4922 ς
1087 4846 1271 4918 φαμὲν
1304 4845 1419 4920 οῦν,
1453 4845 1533 4902 ὅτι
1601 4850 1648 4903 οἱ
1693 4850 1965 4928 προφῆται

316 4930 573 5003 Πνεύματι
659 4927 881 4985 ἐλάλουν
974 4931 1439 5010 ὁμολογουμένως,
1519 4934 1642 4991 ἀλλ’
1692 4938 1726 5003 ἡ
1807 4927 1966 5016 χάρις

313 5016 442 5083 αὕτη
505 5017 821 5089 συνεστάλη,
876 5022 959 5076 καὶ
1020 5023 1124 5077 άπὸ
1217 5021 1312 5088 τῆς
1400 5028 1502 5099 γῆς
1597 5024 1958 5104 ἆνεχώρησεν.

311 5104 473 5161 "iter;
542 5108 586 5161 εί
658 5108 743 5163 καὶ
788 5107 842 5163 ἐν
882 5122 990 5170 τοῖς
1025 5110 1240 5189 χρόνοις
1269 5111 1374 5167 τῶν
1415 5113 1699 5191 προφητῶν
1727 5113 1960 5193 ἐνήργει,

316 5192 450 5250 Ῑιλλὰ
513 5194 631 5250 τότε
688 5193 772 5250 διὰ
843 5198 901 5251 τὸ
936 5196 1143 5262 ἀνάξιον
1174 5199 1266 5255 ισῦ
1296 5198 1453 5272 λαοῦ,
1485 5199 1601 5279 ὅτε,
1646 5192 1966 5283 qm,me

316 5284 437 5345 στὸς
494 5282 548 5338 ἐν
605 5285 757 5359 σαρκὶ
810 5285 1141 5365 περιεπάτει,
1199 5289 1292 5344 οῦκ
1377 5286 1736 5368 ἐπεχωρίαζεν
1764 5294 1798 5359 ἡ
1829 5313 1965 5369 προ-

317 5372 525 5451 φητεία,
586 5370 700 5430 οῦδὲ
759 5374 1048 5430 ἒπόπτευεν
1106 5377 1276 5432 αῦτιῦι
1334 5378 1399 5432 τὰ
1427 5376 1553 5455 ἅγια
1583 5380 1790 5435 καὶτὸν
1842 5384 1965 5438 ναὸν

317 5463 349 5529 ἡ
402 5462 585 5539 χάρις,
647 5460 799 5518 Ἐπεί
865 5463 950 5519 οὖν
1009 5464 1127 5521 τότε
1157 5467 1257 5540 μὲν
1287 5467 1381 5523 οὐκ
1409 5467 1473 5533 ἧν
1505 5469 1540 5534 η
1571 5475 1661 5525 τοῦ
1717 5470 1963 5546 Πνεύμα-

320 5570 400 5613 τος
431 5549 686 5627 ἐνέργεια,
750 5549 940 5625 ἔμελλε
1001 5552 1054 5610 δὲ
1124 5552 1361 5635 δοθῆναι,
1412 5554 1498 5612 διὰ
1565 5560 1717 5614 τοῦτο
1776 5582 1960 5643 φησιν,

389 5705 444 5750 ⁸⁸
472 5705 659 5771 Exod.
699 5724 876 5780 xxxv,
913 5709 972 5773 9.
1060 5709 1113 5753 οδ
1139 5708 1291 5772 Psal.
1333 5730 1536 5789 χχχιχ,
1566 5718 1625 5779 9.

2046 4501 2194 4566 erat,
2220 4495 2428 4573 inquit.
2466 4493 2722 4574 Spiritus
2746 4505 3007 4556 sanctus.
3038 4519 3064 4550 »
3100 4494 3214 4557 Sed
3243 4494 3356 4555 hoc
3378 4492 3508 4553 loco
3529 4510 3695 4572 quaa-

2045 4582 2251 4645 siverit
2298 4584 2596 4665 quispiam
2658 4606 2672 4645 :
2738 4584 3045 4657 Quomodo
3104 4585 3294 4664 inquit
3345 4582 3699 4658 evangelista

2046 4672 2202 4751 quod
2239 4671 2496 4754 Spiritus
2525 4683 2766 4736 sanctus
2790 4674 3052 4736 nondum
3086 4682 3232 4748 erat,
3256 4673 3448 4751 datus,
3484 4671 3696 4733 videli-

2050 4768 2189 4824 cet?
2218 4763 2426 4824 Annon
2479 4773 2537 4823 et
2586 4765 2888 4845 prophetas
2936 4763 3158 4844 Spiritu
3212 4762 3391 4824 locuti
3422 4766 3601 4823 sunt?
3630 4759 3699 4822 Et

2050 4851 2303 4929 apostoli
2322 4871 2556 4932 quoque
2573 4853 2873 4933 quomodo
2885 4854 3165 4915 Sanitates
3179 4851 3583 4933 perfecerunt?
3608 4849 3700 4914 Di-

2052 4939 2245 5000 cimus
2277 4940 2456 5020 igitur
2485 4943 2639 5022 quod
2677 4944 2978 5021 prOpheue
3033 4942 3258 5022 absque
3301 4938 3699 5001 controversia

2034 5025 2277 5108 'Spit‘ilu
2298 5030 2761 5106 locutisunt,sed
2787 5032 3009 5093 donum
3032 5033 3522 5093 hoccontractum
3548 5036 3697 5101 erat,

2050 5126 2109 5177 et
2141 5136 2174 5179 a
2202 5125 2359 5179 terra
2382 5129 2751 5183 secesserat:
2784 5131 2962 5201 atque
2999 5119 3136 5181 ideo
3165 5119 3432 5200 quamvis
3461 5118 3521 5178 in
3544 5125 3699 5178 tem-

2049 5205 2296 5282 poribus
2322 5208 2748 5288 prophetarum
2775 5209 3150 5290 operabatur,
3180 5218 3318 5270 tunc
3351 5217 3545 5268 tamen
3571 5224 3704 5287 pro-

2051 5303 2182 5369 pter
2205 5296 2407 5375 populi
2432 5298 3138 5380 indignitatem,quando,
3161 5295 3705 5378 inquam,Christus

2051 5383 2109 5444 in
2135 5403 2319 5447 carne
2339 5385 2835 5468 ambulabat,non
2870 5387 3175 5450 familiaris
3206 5395 3333 5449 erat
3365 5384 3699 5466 prophetia,

2049 5492 2243 5554 neque
2262 5475 2382 5537 illo:
2404 5496 2500 5537 um
2514 5488 2714 5539 sancta
2735 5489 2793 5541 et
2808 5477 3091 5557 templum
3110 5474 3467 5557 respiciebat
3487 5474 3695 5553 gratia.

2050 5561 2198 5634 Quia
2220 5565 2399 5647 igitur
2425 5579 2564 5628 tunc
2586 5568 2824 5648 quidem
2842 5587 2958 5629 non
2984 5574 3111 5629 erat
3125 5566 3394 5647 operatio
3417 5565 3699 5644 Spiritus,
